<TICKER>;<PER>;<DATE>;<TIME>;<LAST>;<VOL>
IMOEX;0;20180518;100001;2323.750000000;2639122
IMOEX;0;20180518;100002;2324.120000000;29393705
IMOEX;0;20180518;100003;2324.200000000;19134159
IMOEX;0;20180518;100004;2324.820000000;19086175
IMOEX;0;20180518;100005;2323.050000000;40559485
IMOEX;0;20180518;100006;2323.440000000;8303869
IMOEX;0;20180518;100007;2323.740000000;5532953
IMOEX;0;20180518;100008;2322.460000000;9526527
IMOEX;0;20180518;100009;2322.870000000;3047008
IMOEX;0;20180518;100010;2322.600000000;3159549
IMOEX;0;20180518;100011;2323.220000000;3595118
IMOEX;0;20180518;100012;2322.600000000;2914391
IMOEX;0;20180518;100013;2322.710000000;8665323
IMOEX;0;20180518;100014;2322.620000000;4898386
IMOEX;0;20180518;100015;2324.850000000;12668587
IMOEX;0;20180518;100016;2324.950000000;3264583
IMOEX;0;20180518;100017;2325.090000000;2286667
IMOEX;0;20180518;100018;2325.270000000;2286054
IMOEX;0;20180518;100019;2325.370000000;2755786
IMOEX;0;20180518;100020;2326.270000000;13418793
IMOEX;0;20180518;100021;2325.540000000;975696
IMOEX;0;20180518;100022;2325.440000000;3978054
IMOEX;0;20180518;100023;2325.450000000;731461
IMOEX;0;20180518;100024;2325.460000000;814313
IMOEX;0;20180518;100025;2325.540000000;623217
IMOEX;0;20180518;100026;2325.710000000;7035685
IMOEX;0;20180518;100027;2323.270000000;6450648
IMOEX;0;20180518;100028;2322.950000000;17517031
IMOEX;0;20180518;100029;2324.040000000;5486600
IMOEX;0;20180518;100030;2323.630000000;2904541
IMOEX;0;20180518;100031;2323.570000000;4852247
IMOEX;0;20180518;100032;2323.570000000;4416551
IMOEX;0;20180518;100033;2323.430000000;3075417
IMOEX;0;20180518;100034;2323.200000000;7277116
IMOEX;0;20180518;100035;2324.080000000;4083184
IMOEX;0;20180518;100036;2324.240000000;2762239
IMOEX;0;20180518;100037;2323.630000000;11353670
IMOEX;0;20180518;100038;2323.530000000;5878341
IMOEX;0;20180518;100039;2323.730000000;6512470
IMOEX;0;20180518;100040;2323.740000000;5522285
IMOEX;0;20180518;100041;2323.640000000;2147523
IMOEX;0;20180518;100042;2323.940000000;2913059
IMOEX;0;20180518;100043;2323.340000000;30030143
IMOEX;0;20180518;100044;2322.740000000;20607190
IMOEX;0;20180518;100045;2323.390000000;10359739
IMOEX;0;20180518;100046;2323.040000000;3391440
IMOEX;0;20180518;100047;2323.310000000;2924330
IMOEX;0;20180518;100048;2323.280000000;3725192
IMOEX;0;20180518;100049;2323.240000000;7772269
IMOEX;0;20180518;100050;2323.320000000;1855916
IMOEX;0;20180518;100051;2323.590000000;38161048
IMOEX;0;20180518;100052;2323.330000000;774407
IMOEX;0;20180518;100053;2323.180000000;3992926
IMOEX;0;20180518;100054;2323.390000000;11577082
IMOEX;0;20180518;100055;2323.650000000;1338970
IMOEX;0;20180518;100056;2323.320000000;1254854
IMOEX;0;20180518;100057;2323.530000000;1422968
IMOEX;0;20180518;100058;2323.550000000;492739
IMOEX;0;20180518;100059;2323.430000000;1150425
IMOEX;0;20180518;100100;2323.370000000;1048533
IMOEX;0;20180518;100101;2323.100000000;4880687
IMOEX;0;20180518;100102;2323.050000000;10192703
IMOEX;0;20180518;100103;2322.770000000;5504463
IMOEX;0;20180518;100104;2322.810000000;10005206
IMOEX;0;20180518;100105;2323.140000000;1352635
IMOEX;0;20180518;100106;2323.110000000;1738494
IMOEX;0;20180518;100107;2323.290000000;768984
IMOEX;0;20180518;100108;2323.700000000;1710626
IMOEX;0;20180518;100109;2323.600000000;39804416
IMOEX;0;20180518;100110;2323.210000000;1708808
IMOEX;0;20180518;100111;2322.910000000;3647352
IMOEX;0;20180518;100112;2323.070000000;2183278
IMOEX;0;20180518;100113;2323.500000000;936628
IMOEX;0;20180518;100114;2323.480000000;589702
IMOEX;0;20180518;100115;2323.320000000;2479401
IMOEX;0;20180518;100116;2323.450000000;2768856
IMOEX;0;20180518;100117;2323.460000000;1511618
IMOEX;0;20180518;100118;2323.160000000;2757584
IMOEX;0;20180518;100119;2323.150000000;1902114
IMOEX;0;20180518;100120;2321.930000000;26652515
IMOEX;0;20180518;100121;2322.220000000;1647735
IMOEX;0;20180518;100122;2322.500000000;19485410
IMOEX;0;20180518;100123;2322.590000000;4939286
IMOEX;0;20180518;100124;2322.650000000;739297
IMOEX;0;20180518;100125;2322.560000000;1425107
IMOEX;0;20180518;100126;2322.600000000;662582
IMOEX;0;20180518;100127;2322.700000000;279084
IMOEX;0;20180518;100128;2323.380000000;2335551
IMOEX;0;20180518;100129;2323.490000000;619448
IMOEX;0;20180518;100130;2323.540000000;402210
IMOEX;0;20180518;100131;2323.580000000;467777
IMOEX;0;20180518;100132;2323.170000000;5842826
IMOEX;0;20180518;100133;2323.610000000;2620982
IMOEX;0;20180518;100134;2323.460000000;5113643
IMOEX;0;20180518;100135;2324.460000000;10103626
IMOEX;0;20180518;100136;2324.520000000;1644291
IMOEX;0;20180518;100137;2324.570000000;6252024
IMOEX;0;20180518;100138;2324.450000000;6468622
IMOEX;0;20180518;100139;2324.410000000;2027184
IMOEX;0;20180518;100140;2324.180000000;2559468
IMOEX;0;20180518;100141;2324.180000000;618448
IMOEX;0;20180518;100142;2324.400000000;13397789
IMOEX;0;20180518;100143;2324.260000000;7919895
IMOEX;0;20180518;100144;2324.420000000;3056910
IMOEX;0;20180518;100145;2324.400000000;1302150
IMOEX;0;20180518;100146;2324.380000000;2385989
IMOEX;0;20180518;100147;2324.460000000;1550750
IMOEX;0;20180518;100148;2324.420000000;66370
IMOEX;0;20180518;100149;2324.460000000;3262819
IMOEX;0;20180518;100150;2324.440000000;6503483
IMOEX;0;20180518;100151;2324.610000000;1685139
IMOEX;0;20180518;100152;2324.450000000;3634994
IMOEX;0;20180518;100153;2324.520000000;2339159
IMOEX;0;20180518;100154;2324.640000000;6074548
IMOEX;0;20180518;100155;2324.420000000;1065232
IMOEX;0;20180518;100156;2323.970000000;2596370
IMOEX;0;20180518;100157;2324.220000000;4010307
IMOEX;0;20180518;100158;2324.490000000;264943
IMOEX;0;20180518;100159;2324.730000000;655580
IMOEX;0;20180518;100200;2324.680000000;467067
IMOEX;0;20180518;100201;2324.660000000;1553907
IMOEX;0;20180518;100202;2324.490000000;1358091
IMOEX;0;20180518;100203;2324.460000000;2944280
IMOEX;0;20180518;100204;2324.380000000;3046069
IMOEX;0;20180518;100205;2324.540000000;1138620
IMOEX;0;20180518;100206;2324.570000000;2957355
IMOEX;0;20180518;100207;2324.570000000;2448006
IMOEX;0;20180518;100208;2324.540000000;13906940
IMOEX;0;20180518;100209;2324.550000000;1030750
IMOEX;0;20180518;100210;2324.600000000;2107818
IMOEX;0;20180518;100211;2324.380000000;2788435
IMOEX;0;20180518;100212;2324.370000000;625935
IMOEX;0;20180518;100213;2324.420000000;1532718
IMOEX;0;20180518;100214;2324.400000000;739655
IMOEX;0;20180518;100215;2324.420000000;9524535
IMOEX;0;20180518;100216;2324.830000000;4152676
IMOEX;0;20180518;100217;2324.910000000;78744
IMOEX;0;20180518;100218;2324.900000000;689993
IMOEX;0;20180518;100219;2324.580000000;2584891
IMOEX;0;20180518;100220;2324.590000000;2541789
IMOEX;0;20180518;100221;2324.440000000;1149252
IMOEX;0;20180518;100222;2324.020000000;1511375
IMOEX;0;20180518;100223;2324.030000000;557124
IMOEX;0;20180518;100224;2324.340000000;3201892
IMOEX;0;20180518;100225;2323.970000000;1948724
IMOEX;0;20180518;100226;2323.790000000;3976164
IMOEX;0;20180518;100227;2323.650000000;2252379
IMOEX;0;20180518;100228;2323.770000000;2159620
IMOEX;0;20180518;100229;2323.970000000;1304079
IMOEX;0;20180518;100230;2324.050000000;1538398
IMOEX;0;20180518;100231;2324.070000000;758657
IMOEX;0;20180518;100232;2324.030000000;4241309
IMOEX;0;20180518;100233;2324.390000000;2135424
IMOEX;0;20180518;100234;2324.370000000;1804853
IMOEX;0;20180518;100235;2324.440000000;224501
IMOEX;0;20180518;100236;2324.390000000;988295
IMOEX;0;20180518;100237;2324.390000000;6015116
IMOEX;0;20180518;100238;2324.800000000;4686736
IMOEX;0;20180518;100239;2323.850000000;6914237
IMOEX;0;20180518;100240;2323.400000000;2415972
IMOEX;0;20180518;100241;2323.580000000;2045418
IMOEX;0;20180518;100242;2323.630000000;993493
IMOEX;0;20180518;100243;2323.740000000;176460
IMOEX;0;20180518;100244;2323.670000000;1883433
IMOEX;0;20180518;100245;2323.640000000;1088254
IMOEX;0;20180518;100246;2323.610000000;2167591
IMOEX;0;20180518;100247;2323.610000000;223991
IMOEX;0;20180518;100248;2323.590000000;299459
IMOEX;0;20180518;100249;2323.600000000;280775
IMOEX;0;20180518;100250;2323.680000000;949174
IMOEX;0;20180518;100251;2323.620000000;901458
IMOEX;0;20180518;100252;2323.670000000;928420
IMOEX;0;20180518;100253;2323.790000000;331177
IMOEX;0;20180518;100254;2323.860000000;834037
IMOEX;0;20180518;100255;2323.890000000;739631
IMOEX;0;20180518;100256;2323.870000000;759654
IMOEX;0;20180518;100257;2323.950000000;999637
IMOEX;0;20180518;100258;2323.970000000;1374399
IMOEX;0;20180518;100259;2323.910000000;1832507
IMOEX;0;20180518;100300;2323.940000000;941072
IMOEX;0;20180518;100301;2324.180000000;1955587
IMOEX;0;20180518;100302;2324.370000000;2855087
IMOEX;0;20180518;100303;2324.360000000;4837365
IMOEX;0;20180518;100304;2323.420000000;8647241
IMOEX;0;20180518;100305;2323.360000000;1998198
IMOEX;0;20180518;100306;2323.490000000;449983
IMOEX;0;20180518;100307;2323.710000000;726442
IMOEX;0;20180518;100308;2323.610000000;22614
IMOEX;0;20180518;100309;2323.610000000;11848
IMOEX;0;20180518;100310;2323.730000000;1475939
IMOEX;0;20180518;100311;2323.940000000;1841705
IMOEX;0;20180518;100312;2323.900000000;786619
IMOEX;0;20180518;100313;2323.940000000;574807
IMOEX;0;20180518;100314;2324.080000000;735988
IMOEX;0;20180518;100315;2324.080000000;36246
IMOEX;0;20180518;100316;2324.100000000;178081
IMOEX;0;20180518;100317;2324.310000000;2942452
IMOEX;0;20180518;100318;2324.280000000;834538
IMOEX;0;20180518;100319;2324.170000000;291489
IMOEX;0;20180518;100320;2324.150000000;748216
IMOEX;0;20180518;100321;2324.090000000;2298447
IMOEX;0;20180518;100322;2324.080000000;153880
IMOEX;0;20180518;100323;2324.140000000;1707943
IMOEX;0;20180518;100324;2324.170000000;623874
IMOEX;0;20180518;100325;2323.940000000;1362342
IMOEX;0;20180518;100326;2324.050000000;458024
IMOEX;0;20180518;100327;2324.000000000;3740675
IMOEX;0;20180518;100328;2323.950000000;70479
IMOEX;0;20180518;100329;2324.000000000;1011562
IMOEX;0;20180518;100330;2324.080000000;747424
IMOEX;0;20180518;100331;2324.060000000;111053
IMOEX;0;20180518;100332;2323.980000000;6301092
IMOEX;0;20180518;100333;2323.920000000;1345072
IMOEX;0;20180518;100334;2323.910000000;1917637
IMOEX;0;20180518;100335;2323.880000000;3565191
IMOEX;0;20180518;100336;2324.010000000;1832162
IMOEX;0;20180518;100337;2324.140000000;2811390
IMOEX;0;20180518;100338;2323.950000000;3494648
IMOEX;0;20180518;100339;2324.220000000;1648210
IMOEX;0;20180518;100340;2324.110000000;2221747
IMOEX;0;20180518;100341;2324.090000000;4758258
IMOEX;0;20180518;100342;2324.130000000;3153892
IMOEX;0;20180518;100343;2324.160000000;577232
IMOEX;0;20180518;100344;2323.990000000;858188
IMOEX;0;20180518;100345;2324.160000000;237335
IMOEX;0;20180518;100346;2324.080000000;530568
IMOEX;0;20180518;100347;2324.130000000;1056255
IMOEX;0;20180518;100348;2324.060000000;1121513
IMOEX;0;20180518;100349;2324.470000000;3432124
IMOEX;0;20180518;100350;2324.550000000;3231859
IMOEX;0;20180518;100351;2324.560000000;1290721
IMOEX;0;20180518;100352;2324.610000000;2160964
IMOEX;0;20180518;100353;2324.740000000;1088241
IMOEX;0;20180518;100354;2324.770000000;2583936
IMOEX;0;20180518;100355;2324.770000000;1429654
IMOEX;0;20180518;100356;2324.800000000;529364
IMOEX;0;20180518;100357;2324.850000000;1294464
IMOEX;0;20180518;100358;2324.900000000;1909692
IMOEX;0;20180518;100359;2325.150000000;10284522
IMOEX;0;20180518;100400;2325.210000000;2648020
IMOEX;0;20180518;100401;2325.210000000;3492879
IMOEX;0;20180518;100402;2325.220000000;2706665
IMOEX;0;20180518;100403;2324.970000000;1595253
IMOEX;0;20180518;100404;2324.930000000;2418436
IMOEX;0;20180518;100405;2325.080000000;1557733
IMOEX;0;20180518;100406;2325.260000000;280569
IMOEX;0;20180518;100407;2325.080000000;2594699
IMOEX;0;20180518;100408;2324.960000000;1485409
IMOEX;0;20180518;100409;2325.000000000;361325
IMOEX;0;20180518;100410;2325.100000000;502573
IMOEX;0;20180518;100411;2325.060000000;2197550
IMOEX;0;20180518;100412;2325.020000000;237799
IMOEX;0;20180518;100413;2325.310000000;771628
IMOEX;0;20180518;100414;2325.290000000;2411221
IMOEX;0;20180518;100415;2325.270000000;775648
IMOEX;0;20180518;100416;2325.370000000;1578155
IMOEX;0;20180518;100417;2325.410000000;2326581
IMOEX;0;20180518;100418;2325.420000000;377538
IMOEX;0;20180518;100419;2325.370000000;469256
IMOEX;0;20180518;100420;2324.590000000;3894060
IMOEX;0;20180518;100421;2324.720000000;807340
IMOEX;0;20180518;100422;2324.730000000;1376299
IMOEX;0;20180518;100423;2324.810000000;1192249
IMOEX;0;20180518;100424;2324.810000000;5118108
IMOEX;0;20180518;100425;2324.770000000;1211654
IMOEX;0;20180518;100426;2324.840000000;1181603
IMOEX;0;20180518;100427;2324.770000000;4508094
IMOEX;0;20180518;100428;2324.440000000;6105077
IMOEX;0;20180518;100429;2324.490000000;1037249
IMOEX;0;20180518;100430;2324.440000000;2842471
IMOEX;0;20180518;100431;2324.450000000;1310257
IMOEX;0;20180518;100432;2324.650000000;2477710
IMOEX;0;20180518;100433;2324.570000000;703796
IMOEX;0;20180518;100434;2324.730000000;1150059
IMOEX;0;20180518;100435;2324.710000000;224670
IMOEX;0;20180518;100436;2324.940000000;11781044
IMOEX;0;20180518;100437;2324.830000000;2282499
IMOEX;0;20180518;100438;2324.880000000;1693409
IMOEX;0;20180518;100439;2324.870000000;85220
IMOEX;0;20180518;100440;2324.900000000;388596
IMOEX;0;20180518;100441;2324.890000000;700150
IMOEX;0;20180518;100442;2324.150000000;2096932
IMOEX;0;20180518;100443;2324.210000000;4570933
IMOEX;0;20180518;100444;2324.250000000;671315
IMOEX;0;20180518;100445;2324.400000000;1266327
IMOEX;0;20180518;100446;2324.520000000;864941
IMOEX;0;20180518;100447;2324.700000000;173217
IMOEX;0;20180518;100448;2324.720000000;536388
IMOEX;0;20180518;100449;2324.620000000;1250450
IMOEX;0;20180518;100450;2324.620000000;710947
IMOEX;0;20180518;100451;2324.650000000;453943
IMOEX;0;20180518;100452;2324.660000000;270749
IMOEX;0;20180518;100453;2324.720000000;1134071
IMOEX;0;20180518;100454;2324.760000000;1704125
IMOEX;0;20180518;100455;2324.760000000;1303773
IMOEX;0;20180518;100456;2324.790000000;570898
IMOEX;0;20180518;100457;2325.000000000;5136817
IMOEX;0;20180518;100458;2324.320000000;3803113
IMOEX;0;20180518;100459;2324.410000000;2088907
IMOEX;0;20180518;100500;2324.460000000;110375
IMOEX;0;20180518;100501;2324.720000000;1431385
IMOEX;0;20180518;100502;2324.210000000;4825640
IMOEX;0;20180518;100503;2323.880000000;4708442
IMOEX;0;20180518;100504;2323.840000000;1162388
IMOEX;0;20180518;100505;2324.170000000;1783707
IMOEX;0;20180518;100506;2324.200000000;293619
IMOEX;0;20180518;100507;2324.170000000;254741
IMOEX;0;20180518;100508;2324.110000000;2674540
IMOEX;0;20180518;100509;2324.180000000;17236906
IMOEX;0;20180518;100510;2324.140000000;5508131
IMOEX;0;20180518;100511;2324.390000000;2612650
IMOEX;0;20180518;100512;2324.500000000;1601304
IMOEX;0;20180518;100513;2324.460000000;3089884
IMOEX;0;20180518;100514;2324.290000000;4626038
IMOEX;0;20180518;100515;2324.390000000;704332
IMOEX;0;20180518;100516;2324.380000000;76138
IMOEX;0;20180518;100517;2324.460000000;580212
IMOEX;0;20180518;100518;2324.360000000;1506559
IMOEX;0;20180518;100519;2324.390000000;197362
IMOEX;0;20180518;100520;2324.520000000;404200
IMOEX;0;20180518;100521;2325.060000000;3930306
IMOEX;0;20180518;100522;2325.080000000;1596968
IMOEX;0;20180518;100523;2325.200000000;1065150
IMOEX;0;20180518;100524;2325.220000000;162248
IMOEX;0;20180518;100525;2325.190000000;1369772
IMOEX;0;20180518;100526;2325.560000000;928580
IMOEX;0;20180518;100527;2325.540000000;751062
IMOEX;0;20180518;100528;2325.440000000;1022335
IMOEX;0;20180518;100529;2324.770000000;2369049
IMOEX;0;20180518;100530;2324.760000000;5009283
IMOEX;0;20180518;100531;2324.920000000;635684
IMOEX;0;20180518;100532;2324.950000000;524629
IMOEX;0;20180518;100533;2324.240000000;3903432
IMOEX;0;20180518;100534;2324.390000000;442541
IMOEX;0;20180518;100535;2324.740000000;1020472
IMOEX;0;20180518;100536;2324.850000000;4231132
IMOEX;0;20180518;100537;2324.850000000;2619822
IMOEX;0;20180518;100538;2324.900000000;291469
IMOEX;0;20180518;100539;2325.220000000;7039826
IMOEX;0;20180518;100540;2325.310000000;2081996
IMOEX;0;20180518;100541;2325.540000000;2474231
IMOEX;0;20180518;100542;2325.180000000;5435263
IMOEX;0;20180518;100543;2325.380000000;931540
IMOEX;0;20180518;100544;2325.290000000;2944477
IMOEX;0;20180518;100545;2325.570000000;1455124
IMOEX;0;20180518;100546;2325.530000000;7429995
IMOEX;0;20180518;100547;2325.460000000;1177998
IMOEX;0;20180518;100548;2325.560000000;4177358
IMOEX;0;20180518;100549;2325.590000000;3232910
IMOEX;0;20180518;100550;2324.850000000;3892704
IMOEX;0;20180518;100551;2324.560000000;4529189
IMOEX;0;20180518;100552;2324.650000000;2402338
IMOEX;0;20180518;100553;2324.760000000;9233751
IMOEX;0;20180518;100554;2324.790000000;999653
IMOEX;0;20180518;100555;2324.350000000;11611206
IMOEX;0;20180518;100556;2324.410000000;1175554
IMOEX;0;20180518;100557;2324.370000000;648703
IMOEX;0;20180518;100558;2324.380000000;4314367
IMOEX;0;20180518;100559;2324.470000000;1251351
IMOEX;0;20180518;100600;2324.460000000;661178
IMOEX;0;20180518;100601;2324.230000000;5584323
IMOEX;0;20180518;100602;2324.460000000;373174
IMOEX;0;20180518;100603;2324.640000000;7272102
IMOEX;0;20180518;100604;2325.010000000;6466812
IMOEX;0;20180518;100605;2325.040000000;2051705
IMOEX;0;20180518;100606;2325.160000000;921093
IMOEX;0;20180518;100607;2325.420000000;1059427
IMOEX;0;20180518;100608;2325.350000000;820123
IMOEX;0;20180518;100609;2325.410000000;2754335
IMOEX;0;20180518;100610;2325.390000000;423094
IMOEX;0;20180518;100611;2325.430000000;1196401
IMOEX;0;20180518;100612;2325.430000000;2260
IMOEX;0;20180518;100613;2325.370000000;873442
IMOEX;0;20180518;100614;2325.490000000;1561096
IMOEX;0;20180518;100615;2325.600000000;651365
IMOEX;0;20180518;100616;2325.610000000;63355
IMOEX;0;20180518;100617;2325.580000000;4776201
IMOEX;0;20180518;100618;2325.080000000;5145824
IMOEX;0;20180518;100619;2325.180000000;3757231
IMOEX;0;20180518;100620;2324.360000000;7554559
IMOEX;0;20180518;100621;2324.210000000;2689022
IMOEX;0;20180518;100622;2324.290000000;743032
IMOEX;0;20180518;100623;2324.220000000;643872
IMOEX;0;20180518;100624;2324.210000000;1133195
IMOEX;0;20180518;100625;2324.430000000;827031
IMOEX;0;20180518;100626;2324.440000000;1042692
IMOEX;0;20180518;100627;2324.410000000;960372
IMOEX;0;20180518;100628;2324.650000000;572244
IMOEX;0;20180518;100629;2324.680000000;5088051
IMOEX;0;20180518;100630;2324.580000000;1967539
IMOEX;0;20180518;100631;2324.820000000;2535304
IMOEX;0;20180518;100632;2325.070000000;1451102
IMOEX;0;20180518;100633;2325.200000000;641419
IMOEX;0;20180518;100634;2325.050000000;2983740
IMOEX;0;20180518;100635;2325.160000000;358494
IMOEX;0;20180518;100636;2325.040000000;1528741
IMOEX;0;20180518;100637;2325.170000000;4869341
IMOEX;0;20180518;100638;2325.170000000;4759649
IMOEX;0;20180518;100639;2325.150000000;1640844
IMOEX;0;20180518;100640;2325.130000000;355578
IMOEX;0;20180518;100641;2325.070000000;5504615
IMOEX;0;20180518;100642;2325.070000000;3271119
IMOEX;0;20180518;100643;2325.510000000;2275325
IMOEX;0;20180518;100644;2325.260000000;6300258
IMOEX;0;20180518;100645;2325.320000000;766447
IMOEX;0;20180518;100646;2325.290000000;2328812
IMOEX;0;20180518;100647;2325.320000000;1560044
IMOEX;0;20180518;100648;2325.340000000;764784
IMOEX;0;20180518;100649;2325.350000000;391685
IMOEX;0;20180518;100650;2325.440000000;316396
IMOEX;0;20180518;100651;2325.400000000;1624290
IMOEX;0;20180518;100652;2325.340000000;247197
IMOEX;0;20180518;100653;2325.340000000;28685
IMOEX;0;20180518;100654;2325.750000000;7752540
IMOEX;0;20180518;100655;2326.070000000;2415281
IMOEX;0;20180518;100656;2325.170000000;4532338
IMOEX;0;20180518;100657;2324.980000000;2726590
IMOEX;0;20180518;100658;2325.050000000;410949
IMOEX;0;20180518;100659;2325.000000000;3533426
IMOEX;0;20180518;100700;2325.070000000;591617
IMOEX;0;20180518;100701;2325.630000000;3646245
IMOEX;0;20180518;100702;2325.800000000;4085875
IMOEX;0;20180518;100703;2324.670000000;7612372
IMOEX;0;20180518;100704;2325.140000000;6993715
IMOEX;0;20180518;100705;2325.030000000;586494
IMOEX;0;20180518;100706;2325.180000000;457512
IMOEX;0;20180518;100707;2325.220000000;1032935
IMOEX;0;20180518;100708;2325.210000000;133551
IMOEX;0;20180518;100709;2325.200000000;245069
IMOEX;0;20180518;100710;2325.330000000;3482298
IMOEX;0;20180518;100711;2325.310000000;8907751
IMOEX;0;20180518;100712;2325.270000000;725980
IMOEX;0;20180518;100713;2325.200000000;519247
IMOEX;0;20180518;100714;2325.200000000;1996359
IMOEX;0;20180518;100715;2325.180000000;144309
IMOEX;0;20180518;100716;2325.320000000;1792418
IMOEX;0;20180518;100717;2325.330000000;821498
IMOEX;0;20180518;100718;2325.290000000;768283
IMOEX;0;20180518;100719;2325.460000000;288341
IMOEX;0;20180518;100720;2324.800000000;7293067
IMOEX;0;20180518;100721;2324.880000000;306589
IMOEX;0;20180518;100722;2324.880000000;69439
IMOEX;0;20180518;100723;2324.890000000;1546034
IMOEX;0;20180518;100724;2324.940000000;451793
IMOEX;0;20180518;100725;2324.740000000;1597879
IMOEX;0;20180518;100726;2324.740000000;1230617
IMOEX;0;20180518;100727;2324.590000000;4589364
IMOEX;0;20180518;100728;2325.030000000;5864156
IMOEX;0;20180518;100729;2325.050000000;642721
IMOEX;0;20180518;100730;2325.120000000;585980
IMOEX;0;20180518;100731;2325.140000000;202505
IMOEX;0;20180518;100732;2325.250000000;539675
IMOEX;0;20180518;100733;2325.240000000;1617923
IMOEX;0;20180518;100734;2325.140000000;1406565
IMOEX;0;20180518;100735;2325.270000000;31676
IMOEX;0;20180518;100736;2324.790000000;3847051
IMOEX;0;20180518;100737;2324.830000000;369346
IMOEX;0;20180518;100738;2325.090000000;3645952
IMOEX;0;20180518;100739;2325.080000000;450567
IMOEX;0;20180518;100740;2325.090000000;1528477
IMOEX;0;20180518;100741;2325.200000000;12890571
IMOEX;0;20180518;100742;2325.300000000;4789910
IMOEX;0;20180518;100743;2325.240000000;1064905
IMOEX;0;20180518;100744;2325.370000000;2553313
IMOEX;0;20180518;100745;2325.360000000;935405
IMOEX;0;20180518;100746;2325.480000000;506645
IMOEX;0;20180518;100747;2325.450000000;54659
IMOEX;0;20180518;100748;2325.570000000;1922982
IMOEX;0;20180518;100749;2325.580000000;622483
IMOEX;0;20180518;100750;2325.490000000;235246
IMOEX;0;20180518;100751;2326.240000000;4577574
IMOEX;0;20180518;100752;2326.300000000;502794
IMOEX;0;20180518;100753;2326.320000000;576074
IMOEX;0;20180518;100754;2326.420000000;249512
IMOEX;0;20180518;100755;2326.350000000;290989
IMOEX;0;20180518;100756;2326.120000000;525192
IMOEX;0;20180518;100757;2326.250000000;200085
IMOEX;0;20180518;100758;2326.280000000;331298
IMOEX;0;20180518;100759;2325.930000000;2356205
IMOEX;0;20180518;100800;2326.090000000;5024188
IMOEX;0;20180518;100801;2326.090000000;2424840
IMOEX;0;20180518;100802;2326.090000000;2046970
IMOEX;0;20180518;100803;2326.140000000;397173
IMOEX;0;20180518;100804;2326.060000000;6110977
IMOEX;0;20180518;100805;2325.560000000;11711967
IMOEX;0;20180518;100806;2325.590000000;2309953
IMOEX;0;20180518;100807;2325.240000000;6522185
IMOEX;0;20180518;100808;2324.550000000;12499896
IMOEX;0;20180518;100809;2324.390000000;7134484
IMOEX;0;20180518;100810;2324.480000000;4104137
IMOEX;0;20180518;100811;2324.500000000;413509
IMOEX;0;20180518;100812;2324.440000000;446946
IMOEX;0;20180518;100813;2324.470000000;888951
IMOEX;0;20180518;100814;2324.540000000;2597037
IMOEX;0;20180518;100815;2324.580000000;765903
IMOEX;0;20180518;100816;2324.820000000;2700882
IMOEX;0;20180518;100817;2324.860000000;2778232
IMOEX;0;20180518;100818;2324.960000000;1313093
IMOEX;0;20180518;100819;2325.010000000;756812
IMOEX;0;20180518;100820;2325.840000000;8024607
IMOEX;0;20180518;100821;2325.780000000;2182653
IMOEX;0;20180518;100822;2325.760000000;353537
IMOEX;0;20180518;100823;2325.780000000;6601067
IMOEX;0;20180518;100824;2325.710000000;3513143
IMOEX;0;20180518;100825;2325.710000000;683907
IMOEX;0;20180518;100826;2325.670000000;1429596
IMOEX;0;20180518;100827;2325.720000000;315587
IMOEX;0;20180518;100828;2325.670000000;2201201
IMOEX;0;20180518;100829;2325.700000000;1530626
IMOEX;0;20180518;100830;2325.220000000;2126981
IMOEX;0;20180518;100831;2325.150000000;49688
IMOEX;0;20180518;100832;2325.060000000;1319688
IMOEX;0;20180518;100833;2325.110000000;286430
IMOEX;0;20180518;100834;2325.120000000;434701
IMOEX;0;20180518;100835;2325.160000000;1415526
IMOEX;0;20180518;100836;2325.140000000;740063
IMOEX;0;20180518;100837;2324.790000000;3473050
IMOEX;0;20180518;100838;2323.880000000;26522093
IMOEX;0;20180518;100839;2323.860000000;5008711
IMOEX;0;20180518;100840;2324.210000000;9361370
IMOEX;0;20180518;100841;2324.220000000;926292
IMOEX;0;20180518;100842;2324.220000000;9081135
IMOEX;0;20180518;100843;2325.140000000;13695306
IMOEX;0;20180518;100844;2325.160000000;656474
IMOEX;0;20180518;100845;2325.270000000;3964305
IMOEX;0;20180518;100846;2325.270000000;1550313
IMOEX;0;20180518;100847;2325.360000000;2089584
IMOEX;0;20180518;100848;2325.350000000;284551
IMOEX;0;20180518;100849;2325.390000000;598354
IMOEX;0;20180518;100850;2325.760000000;3663855
IMOEX;0;20180518;100851;2325.720000000;236964
IMOEX;0;20180518;100852;2325.800000000;2389628
IMOEX;0;20180518;100853;2325.870000000;152444
IMOEX;0;20180518;100854;2325.960000000;487845
IMOEX;0;20180518;100855;2325.960000000;1641255
IMOEX;0;20180518;100856;2326.010000000;105633
IMOEX;0;20180518;100857;2325.990000000;452917
IMOEX;0;20180518;100858;2326.030000000;595911
IMOEX;0;20180518;100859;2325.970000000;495369
IMOEX;0;20180518;100900;2326.230000000;12514484
IMOEX;0;20180518;100901;2326.170000000;2253564
IMOEX;0;20180518;100902;2326.270000000;1093428
IMOEX;0;20180518;100903;2326.180000000;833109
IMOEX;0;20180518;100904;2326.080000000;616934
IMOEX;0;20180518;100905;2326.170000000;640096
IMOEX;0;20180518;100906;2326.060000000;629003
IMOEX;0;20180518;100907;2326.080000000;226182
IMOEX;0;20180518;100908;2326.050000000;216492
IMOEX;0;20180518;100909;2326.100000000;358885
IMOEX;0;20180518;100910;2326.270000000;163967
IMOEX;0;20180518;100911;2326.290000000;1148742
IMOEX;0;20180518;100912;2326.280000000;951803
IMOEX;0;20180518;100913;2326.290000000;586388
IMOEX;0;20180518;100914;2326.280000000;1194723
IMOEX;0;20180518;100915;2326.330000000;356301
IMOEX;0;20180518;100916;2326.320000000;346699
IMOEX;0;20180518;100917;2326.350000000;814178
IMOEX;0;20180518;100918;2326.290000000;430468
IMOEX;0;20180518;100919;2326.290000000;7644
IMOEX;0;20180518;100920;2326.100000000;269867
IMOEX;0;20180518;100921;2326.060000000;1905558
IMOEX;0;20180518;100922;2326.030000000;520919
IMOEX;0;20180518;100923;2325.980000000;1009762
IMOEX;0;20180518;100924;2326.000000000;5699597
IMOEX;0;20180518;100925;2326.000000000;20556
IMOEX;0;20180518;100926;2325.940000000;1070731
IMOEX;0;20180518;100927;2325.910000000;135030
IMOEX;0;20180518;100928;2325.930000000;5089101
IMOEX;0;20180518;100929;2326.150000000;1435568
IMOEX;0;20180518;100930;2326.160000000;2663343
IMOEX;0;20180518;100931;2325.880000000;643845
IMOEX;0;20180518;100932;2325.950000000;314570
IMOEX;0;20180518;100933;2325.940000000;134660
IMOEX;0;20180518;100934;2325.910000000;208303
IMOEX;0;20180518;100935;2325.910000000;592756
IMOEX;0;20180518;100936;2325.890000000;1964139
IMOEX;0;20180518;100937;2326.010000000;1586034
IMOEX;0;20180518;100938;2326.000000000;416911
IMOEX;0;20180518;100939;2326.010000000;168655
IMOEX;0;20180518;100940;2325.920000000;222613
IMOEX;0;20180518;100941;2325.900000000;241202
IMOEX;0;20180518;100942;2325.950000000;197937
IMOEX;0;20180518;100943;2325.820000000;483545
IMOEX;0;20180518;100944;2325.890000000;444525
IMOEX;0;20180518;100945;2325.880000000;525269
IMOEX;0;20180518;100946;2325.900000000;878316
IMOEX;0;20180518;100947;2325.820000000;212626
IMOEX;0;20180518;100948;2325.800000000;5641341
IMOEX;0;20180518;100949;2325.780000000;2368377
IMOEX;0;20180518;100950;2325.810000000;3583656
IMOEX;0;20180518;100951;2325.820000000;330571
IMOEX;0;20180518;100952;2325.800000000;774923
IMOEX;0;20180518;100953;2325.780000000;1234801
IMOEX;0;20180518;100954;2325.730000000;514922
IMOEX;0;20180518;100955;2325.660000000;24125
IMOEX;0;20180518;100956;2325.180000000;2159797
IMOEX;0;20180518;100957;2324.870000000;9672797
IMOEX;0;20180518;100958;2324.900000000;821943
IMOEX;0;20180518;100959;2324.790000000;486082
IMOEX;0;20180518;101000;2324.850000000;247346
IMOEX;0;20180518;101001;2324.930000000;783359
IMOEX;0;20180518;101002;2324.960000000;980548
IMOEX;0;20180518;101003;2325.010000000;63935
IMOEX;0;20180518;101004;2325.030000000;521706
IMOEX;0;20180518;101005;2325.050000000;3020864
IMOEX;0;20180518;101006;2324.870000000;807270
IMOEX;0;20180518;101007;2325.010000000;416964
IMOEX;0;20180518;101008;2324.940000000;3251733
IMOEX;0;20180518;101009;2324.900000000;715717
IMOEX;0;20180518;101010;2324.870000000;976044
IMOEX;0;20180518;101011;2324.760000000;2787503
IMOEX;0;20180518;101012;2324.750000000;307924
IMOEX;0;20180518;101013;2324.730000000;186979
IMOEX;0;20180518;101014;2324.760000000;3468477
IMOEX;0;20180518;101015;2324.800000000;1016607
IMOEX;0;20180518;101016;2324.720000000;1396583
IMOEX;0;20180518;101017;2324.660000000;518027
IMOEX;0;20180518;101018;2324.710000000;550096
IMOEX;0;20180518;101019;2324.730000000;1167297
IMOEX;0;20180518;101020;2324.710000000;60409
IMOEX;0;20180518;101021;2324.800000000;926872
IMOEX;0;20180518;101022;2324.830000000;163888
IMOEX;0;20180518;101023;2324.840000000;485597
IMOEX;0;20180518;101024;2324.860000000;122519
IMOEX;0;20180518;101025;2324.960000000;2466629
IMOEX;0;20180518;101026;2325.070000000;957085
IMOEX;0;20180518;101027;2325.080000000;5482029
IMOEX;0;20180518;101028;2325.080000000;889946
IMOEX;0;20180518;101029;2325.000000000;1868766
IMOEX;0;20180518;101030;2325.040000000;1587556
IMOEX;0;20180518;101031;2325.010000000;623727
IMOEX;0;20180518;101032;2325.020000000;1118845
IMOEX;0;20180518;101033;2324.980000000;502424
IMOEX;0;20180518;101034;2325.120000000;5172327
IMOEX;0;20180518;101035;2325.040000000;545543
IMOEX;0;20180518;101036;2324.990000000;1275703
IMOEX;0;20180518;101037;2324.970000000;1161282
IMOEX;0;20180518;101038;2324.920000000;887946
IMOEX;0;20180518;101039;2324.940000000;572199
IMOEX;0;20180518;101040;2324.940000000;297115
IMOEX;0;20180518;101041;2324.930000000;677715
IMOEX;0;20180518;101042;2324.950000000;802865
IMOEX;0;20180518;101043;2324.910000000;357750
IMOEX;0;20180518;101044;2324.910000000;102994
IMOEX;0;20180518;101045;2325.000000000;631119
IMOEX;0;20180518;101046;2325.020000000;2055444
IMOEX;0;20180518;101047;2325.040000000;897772
IMOEX;0;20180518;101048;2324.910000000;1835030
IMOEX;0;20180518;101049;2324.850000000;2889888
IMOEX;0;20180518;101050;2324.890000000;3908
IMOEX;0;20180518;101051;2324.960000000;331697
IMOEX;0;20180518;101052;2325.010000000;760520
IMOEX;0;20180518;101053;2325.090000000;992268
IMOEX;0;20180518;101054;2325.090000000;1213447
IMOEX;0;20180518;101055;2325.130000000;82103
IMOEX;0;20180518;101056;2325.140000000;433153
IMOEX;0;20180518;101057;2325.180000000;440143
IMOEX;0;20180518;101058;2324.970000000;2423718
IMOEX;0;20180518;101059;2324.970000000;386821
IMOEX;0;20180518;101100;2324.980000000;1710947
IMOEX;0;20180518;101101;2325.000000000;4770213
IMOEX;0;20180518;101102;2325.110000000;1500459
IMOEX;0;20180518;101103;2325.100000000;714186
IMOEX;0;20180518;101104;2325.100000000;463173
IMOEX;0;20180518;101105;2325.160000000;1092613
IMOEX;0;20180518;101106;2325.160000000;1237851
IMOEX;0;20180518;101107;2325.040000000;303569
IMOEX;0;20180518;101108;2325.040000000;58009
IMOEX;0;20180518;101109;2325.040000000;283381
IMOEX;0;20180518;101110;2325.020000000;892727
IMOEX;0;20180518;101111;2324.990000000;3107609
IMOEX;0;20180518;101112;2325.060000000;610268
IMOEX;0;20180518;101113;2325.060000000;254325
IMOEX;0;20180518;101114;2325.080000000;1420975
IMOEX;0;20180518;101115;2325.100000000;1113395
IMOEX;0;20180518;101116;2325.020000000;123709
IMOEX;0;20180518;101117;2324.940000000;2626416
IMOEX;0;20180518;101118;2324.800000000;898741
IMOEX;0;20180518;101119;2324.940000000;1364640
IMOEX;0;20180518;101120;2324.950000000;3329442
IMOEX;0;20180518;101121;2324.930000000;234695
IMOEX;0;20180518;101122;2324.940000000;40539
IMOEX;0;20180518;101123;2324.950000000;611082
IMOEX;0;20180518;101124;2325.040000000;1691019
IMOEX;0;20180518;101125;2325.030000000;271628
IMOEX;0;20180518;101126;2325.050000000;8455
IMOEX;0;20180518;101127;2325.070000000;256696
IMOEX;0;20180518;101128;2324.930000000;15640316
IMOEX;0;20180518;101129;2324.930000000;948438
IMOEX;0;20180518;101130;2324.990000000;678555
IMOEX;0;20180518;101131;2325.010000000;224369
IMOEX;0;20180518;101132;2325.060000000;698470
IMOEX;0;20180518;101133;2325.030000000;1736755
IMOEX;0;20180518;101134;2324.990000000;1552310
IMOEX;0;20180518;101135;2325.150000000;4243240
IMOEX;0;20180518;101136;2325.320000000;3406834
IMOEX;0;20180518;101137;2325.320000000;4206908
IMOEX;0;20180518;101138;2325.310000000;1332283
IMOEX;0;20180518;101139;2325.580000000;6688628
IMOEX;0;20180518;101140;2325.640000000;3717835
IMOEX;0;20180518;101141;2325.680000000;1664241
IMOEX;0;20180518;101142;2325.670000000;862083
IMOEX;0;20180518;101143;2325.630000000;1230471
IMOEX;0;20180518;101144;2325.610000000;2891745
IMOEX;0;20180518;101145;2325.570000000;1253726
IMOEX;0;20180518;101146;2325.400000000;1658873
IMOEX;0;20180518;101147;2325.480000000;629214
IMOEX;0;20180518;101148;2325.800000000;2555059
IMOEX;0;20180518;101149;2325.800000000;213349
IMOEX;0;20180518;101150;2325.790000000;877899
IMOEX;0;20180518;101151;2325.800000000;3502560
IMOEX;0;20180518;101152;2325.830000000;319291
IMOEX;0;20180518;101153;2325.840000000;57123
IMOEX;0;20180518;101154;2325.740000000;1402431
IMOEX;0;20180518;101155;2325.680000000;860306
IMOEX;0;20180518;101156;2325.780000000;870052
IMOEX;0;20180518;101157;2325.780000000;3817239
IMOEX;0;20180518;101158;2325.840000000;1667670
IMOEX;0;20180518;101159;2325.840000000;940642
IMOEX;0;20180518;101200;2325.210000000;5157086
IMOEX;0;20180518;101201;2325.480000000;2990149
IMOEX;0;20180518;101202;2325.470000000;493947
IMOEX;0;20180518;101203;2325.490000000;504206
IMOEX;0;20180518;101204;2325.540000000;928111
IMOEX;0;20180518;101205;2325.560000000;3141803
IMOEX;0;20180518;101206;2325.430000000;3446480
IMOEX;0;20180518;101207;2325.370000000;5013080
IMOEX;0;20180518;101208;2325.350000000;1435291
IMOEX;0;20180518;101209;2325.520000000;1924263
IMOEX;0;20180518;101210;2325.520000000;10540421
IMOEX;0;20180518;101211;2325.490000000;5582237
IMOEX;0;20180518;101212;2325.610000000;2386356
IMOEX;0;20180518;101213;2325.610000000;28102
IMOEX;0;20180518;101214;2325.540000000;1707209
IMOEX;0;20180518;101215;2325.480000000;284059
IMOEX;0;20180518;101216;2325.450000000;107646
IMOEX;0;20180518;101217;2325.550000000;7698313
IMOEX;0;20180518;101218;2325.360000000;4640112
IMOEX;0;20180518;101219;2325.310000000;769664
IMOEX;0;20180518;101220;2325.300000000;554589
IMOEX;0;20180518;101221;2325.300000000;265567
IMOEX;0;20180518;101222;2325.330000000;556966
IMOEX;0;20180518;101223;2325.290000000;190629
IMOEX;0;20180518;101224;2325.300000000;1485542
IMOEX;0;20180518;101225;2325.310000000;442237
IMOEX;0;20180518;101226;2325.300000000;4094403
IMOEX;0;20180518;101227;2325.370000000;2164060
IMOEX;0;20180518;101228;2325.450000000;2214731
IMOEX;0;20180518;101229;2325.420000000;217293
IMOEX;0;20180518;101230;2325.450000000;1301628
IMOEX;0;20180518;101231;2325.440000000;465187
IMOEX;0;20180518;101232;2325.500000000;38004
IMOEX;0;20180518;101233;2325.460000000;375847
IMOEX;0;20180518;101234;2325.530000000;742778
IMOEX;0;20180518;101235;2325.530000000;593438
IMOEX;0;20180518;101236;2325.590000000;190953
IMOEX;0;20180518;101237;2325.410000000;506606
IMOEX;0;20180518;101238;2325.480000000;440750
IMOEX;0;20180518;101239;2325.430000000;332659
IMOEX;0;20180518;101240;2325.390000000;3821
IMOEX;0;20180518;101241;2325.370000000;199095
IMOEX;0;20180518;101242;2325.370000000;7707
IMOEX;0;20180518;101243;2325.290000000;96234
IMOEX;0;20180518;101244;2325.280000000;440182
IMOEX;0;20180518;101245;2325.320000000;290871
IMOEX;0;20180518;101246;2325.410000000;922962
IMOEX;0;20180518;101247;2325.380000000;404707
IMOEX;0;20180518;101248;2325.380000000;28259
IMOEX;0;20180518;101249;2325.350000000;886420
IMOEX;0;20180518;101250;2325.370000000;1953468
IMOEX;0;20180518;101251;2325.370000000;233430
IMOEX;0;20180518;101252;2325.370000000;27450
IMOEX;0;20180518;101253;2325.370000000;251494
IMOEX;0;20180518;101254;2325.420000000;2799858
IMOEX;0;20180518;101255;2325.630000000;1776764
IMOEX;0;20180518;101256;2325.560000000;157933
IMOEX;0;20180518;101257;2325.560000000;9250
IMOEX;0;20180518;101258;2325.560000000;1162729
IMOEX;0;20180518;101259;2325.620000000;155007
IMOEX;0;20180518;101300;2325.600000000;2088001
IMOEX;0;20180518;101301;2325.600000000;563334
IMOEX;0;20180518;101302;2325.600000000;236555
IMOEX;0;20180518;101303;2325.580000000;162702
IMOEX;0;20180518;101304;2325.430000000;746331
IMOEX;0;20180518;101305;2325.370000000;1116510
IMOEX;0;20180518;101306;2325.230000000;802332
IMOEX;0;20180518;101307;2325.180000000;260117
IMOEX;0;20180518;101308;2325.150000000;1640825
IMOEX;0;20180518;101309;2325.070000000;521139
IMOEX;0;20180518;101310;2325.020000000;1895805
IMOEX;0;20180518;101311;2325.020000000;158529
IMOEX;0;20180518;101312;2325.080000000;1715561
IMOEX;0;20180518;101313;2325.060000000;135144
IMOEX;0;20180518;101314;2325.090000000;1334160
IMOEX;0;20180518;101315;2325.030000000;129134
IMOEX;0;20180518;101316;2325.030000000;0
IMOEX;0;20180518;101317;2325.030000000;0
IMOEX;0;20180518;101318;2325.320000000;4618719
IMOEX;0;20180518;101319;2325.340000000;1863741
IMOEX;0;20180518;101320;2325.400000000;2500616
IMOEX;0;20180518;101321;2325.450000000;898524
IMOEX;0;20180518;101322;2325.390000000;3035434
IMOEX;0;20180518;101323;2325.420000000;1192510
IMOEX;0;20180518;101324;2325.460000000;1215675
IMOEX;0;20180518;101325;2325.520000000;547723
IMOEX;0;20180518;101326;2325.470000000;1576472
IMOEX;0;20180518;101327;2325.460000000;1243175
IMOEX;0;20180518;101328;2325.580000000;1518774
IMOEX;0;20180518;101329;2325.580000000;3040286
IMOEX;0;20180518;101330;2325.540000000;1262717
IMOEX;0;20180518;101331;2325.560000000;1504323
IMOEX;0;20180518;101332;2325.610000000;602432
IMOEX;0;20180518;101333;2325.610000000;1407582
IMOEX;0;20180518;101334;2325.610000000;265821
IMOEX;0;20180518;101335;2325.680000000;581317
IMOEX;0;20180518;101336;2325.610000000;753613
IMOEX;0;20180518;101337;2325.630000000;190972
IMOEX;0;20180518;101338;2325.540000000;35604
IMOEX;0;20180518;101339;2325.550000000;1973632
IMOEX;0;20180518;101340;2325.480000000;1822983
IMOEX;0;20180518;101341;2325.450000000;3109186
IMOEX;0;20180518;101342;2325.340000000;16626046
IMOEX;0;20180518;101343;2325.320000000;2884239
IMOEX;0;20180518;101344;2325.320000000;1011822
IMOEX;0;20180518;101345;2325.330000000;271140
IMOEX;0;20180518;101346;2325.330000000;1896259
IMOEX;0;20180518;101347;2325.290000000;1788582
IMOEX;0;20180518;101348;2325.210000000;807290
IMOEX;0;20180518;101349;2325.170000000;3267544
IMOEX;0;20180518;101350;2325.040000000;6688371
IMOEX;0;20180518;101351;2324.990000000;1711003
IMOEX;0;20180518;101352;2325.090000000;1307158
IMOEX;0;20180518;101353;2325.060000000;109654
IMOEX;0;20180518;101354;2325.010000000;1822686
IMOEX;0;20180518;101355;2325.070000000;1561696
IMOEX;0;20180518;101356;2325.070000000;2145856
IMOEX;0;20180518;101357;2324.990000000;4793895
IMOEX;0;20180518;101358;2325.110000000;924454
IMOEX;0;20180518;101359;2325.110000000;507255
IMOEX;0;20180518;101400;2325.180000000;3890365
IMOEX;0;20180518;101401;2325.210000000;4279995
IMOEX;0;20180518;101402;2325.130000000;1965225
IMOEX;0;20180518;101403;2325.080000000;1301743
IMOEX;0;20180518;101404;2325.070000000;323275
IMOEX;0;20180518;101405;2325.080000000;1784919
IMOEX;0;20180518;101406;2325.070000000;248125
IMOEX;0;20180518;101407;2325.040000000;477282
IMOEX;0;20180518;101408;2325.060000000;109686
IMOEX;0;20180518;101409;2325.000000000;2694031
IMOEX;0;20180518;101410;2324.970000000;1130905
IMOEX;0;20180518;101411;2324.960000000;404932
IMOEX;0;20180518;101412;2325.070000000;3146043
IMOEX;0;20180518;101413;2325.150000000;1810225
IMOEX;0;20180518;101414;2325.130000000;2013492
IMOEX;0;20180518;101415;2325.110000000;1318333
IMOEX;0;20180518;101416;2325.220000000;1061531
IMOEX;0;20180518;101417;2325.170000000;109486
IMOEX;0;20180518;101418;2325.150000000;1596678
IMOEX;0;20180518;101419;2325.050000000;3550438
IMOEX;0;20180518;101420;2325.040000000;1267691
IMOEX;0;20180518;101421;2324.850000000;4014655
IMOEX;0;20180518;101422;2324.860000000;22571768
IMOEX;0;20180518;101423;2324.830000000;1491358
IMOEX;0;20180518;101424;2324.860000000;2602329
IMOEX;0;20180518;101425;2324.910000000;2753016
IMOEX;0;20180518;101426;2324.880000000;2866408
IMOEX;0;20180518;101427;2324.860000000;1358959
IMOEX;0;20180518;101428;2324.820000000;2125170
IMOEX;0;20180518;101429;2324.580000000;4292694
IMOEX;0;20180518;101430;2324.530000000;1771383
IMOEX;0;20180518;101431;2324.490000000;1638501
IMOEX;0;20180518;101432;2324.540000000;5162
IMOEX;0;20180518;101433;2324.610000000;1842657
IMOEX;0;20180518;101434;2324.460000000;7491905
IMOEX;0;20180518;101435;2324.590000000;452085
IMOEX;0;20180518;101436;2324.610000000;1026520
IMOEX;0;20180518;101437;2324.410000000;8436553
IMOEX;0;20180518;101438;2324.370000000;4556310
IMOEX;0;20180518;101439;2324.460000000;2868362
IMOEX;0;20180518;101440;2324.450000000;2976532
IMOEX;0;20180518;101441;2324.440000000;177841
IMOEX;0;20180518;101442;2324.540000000;874322
IMOEX;0;20180518;101443;2324.580000000;2412625
IMOEX;0;20180518;101444;2324.510000000;4512638
IMOEX;0;20180518;101445;2324.470000000;58783
IMOEX;0;20180518;101446;2324.540000000;792382
IMOEX;0;20180518;101447;2324.560000000;428893
IMOEX;0;20180518;101448;2324.610000000;1157703
IMOEX;0;20180518;101449;2324.660000000;1529338
IMOEX;0;20180518;101450;2324.740000000;2166465
IMOEX;0;20180518;101451;2324.660000000;11219535
IMOEX;0;20180518;101452;2324.690000000;599523
IMOEX;0;20180518;101453;2324.650000000;2058963
IMOEX;0;20180518;101454;2324.640000000;1360729
IMOEX;0;20180518;101455;2324.680000000;2017321
IMOEX;0;20180518;101456;2324.600000000;361741
IMOEX;0;20180518;101457;2324.640000000;110732
IMOEX;0;20180518;101458;2324.670000000;240833
IMOEX;0;20180518;101459;2324.700000000;69578
IMOEX;0;20180518;101500;2324.690000000;1455307
IMOEX;0;20180518;101501;2324.760000000;2056451
IMOEX;0;20180518;101502;2324.760000000;552922
IMOEX;0;20180518;101503;2324.730000000;3008872
IMOEX;0;20180518;101504;2324.750000000;997454
IMOEX;0;20180518;101505;2324.690000000;836871
IMOEX;0;20180518;101506;2324.780000000;556800
IMOEX;0;20180518;101507;2324.760000000;274930
IMOEX;0;20180518;101508;2324.800000000;434981
IMOEX;0;20180518;101509;2324.790000000;660819
IMOEX;0;20180518;101510;2324.840000000;1319632
IMOEX;0;20180518;101511;2324.870000000;9469361
IMOEX;0;20180518;101512;2324.800000000;1681726
IMOEX;0;20180518;101513;2324.930000000;640942
IMOEX;0;20180518;101514;2324.880000000;2062979
IMOEX;0;20180518;101515;2325.130000000;5045418
IMOEX;0;20180518;101516;2325.130000000;24236
IMOEX;0;20180518;101517;2325.150000000;481111
IMOEX;0;20180518;101518;2325.360000000;2273464
IMOEX;0;20180518;101519;2325.360000000;352931
IMOEX;0;20180518;101520;2325.440000000;8336455
IMOEX;0;20180518;101521;2325.480000000;2094803
IMOEX;0;20180518;101522;2325.490000000;3109024
IMOEX;0;20180518;101523;2325.470000000;1610091
IMOEX;0;20180518;101524;2325.390000000;297193
IMOEX;0;20180518;101525;2325.330000000;1311839
IMOEX;0;20180518;101526;2325.210000000;144571
IMOEX;0;20180518;101527;2325.160000000;70398
IMOEX;0;20180518;101528;2325.200000000;132166
IMOEX;0;20180518;101529;2325.210000000;917200
IMOEX;0;20180518;101530;2325.190000000;586729
IMOEX;0;20180518;101531;2325.150000000;78648
IMOEX;0;20180518;101532;2325.060000000;374125
IMOEX;0;20180518;101533;2325.070000000;513663
IMOEX;0;20180518;101534;2325.040000000;679181
IMOEX;0;20180518;101535;2325.130000000;2497748
IMOEX;0;20180518;101536;2325.130000000;298639
IMOEX;0;20180518;101537;2325.080000000;1683155
IMOEX;0;20180518;101538;2325.110000000;117372
IMOEX;0;20180518;101539;2325.190000000;2772314
IMOEX;0;20180518;101540;2325.140000000;574308
IMOEX;0;20180518;101541;2325.180000000;175226
IMOEX;0;20180518;101542;2325.140000000;1693505
IMOEX;0;20180518;101543;2325.190000000;489833
IMOEX;0;20180518;101544;2325.210000000;407243
IMOEX;0;20180518;101545;2325.220000000;368917
IMOEX;0;20180518;101546;2325.350000000;3762368
IMOEX;0;20180518;101547;2325.380000000;1420941
IMOEX;0;20180518;101548;2325.340000000;3831
IMOEX;0;20180518;101549;2325.310000000;457764
IMOEX;0;20180518;101550;2325.330000000;3207936
IMOEX;0;20180518;101551;2325.410000000;1111758
IMOEX;0;20180518;101552;2325.420000000;2427706
IMOEX;0;20180518;101553;2325.520000000;9329135
IMOEX;0;20180518;101554;2325.350000000;801736
IMOEX;0;20180518;101555;2325.300000000;1104325
IMOEX;0;20180518;101556;2325.350000000;102231
IMOEX;0;20180518;101557;2325.390000000;629877
IMOEX;0;20180518;101558;2325.400000000;1630586
IMOEX;0;20180518;101559;2325.400000000;1207831
IMOEX;0;20180518;101600;2325.420000000;265627
IMOEX;0;20180518;101601;2325.440000000;1088618
IMOEX;0;20180518;101602;2325.480000000;1274655
IMOEX;0;20180518;101603;2325.470000000;451043
IMOEX;0;20180518;101604;2325.420000000;1638467
IMOEX;0;20180518;101605;2325.420000000;348949
IMOEX;0;20180518;101606;2325.390000000;1161370
IMOEX;0;20180518;101607;2325.340000000;1010028
IMOEX;0;20180518;101608;2325.410000000;1218732
IMOEX;0;20180518;101609;2325.420000000;303531
IMOEX;0;20180518;101610;2325.260000000;299418
IMOEX;0;20180518;101611;2325.220000000;1223381
IMOEX;0;20180518;101612;2325.220000000;1371408
IMOEX;0;20180518;101613;2325.220000000;412775
IMOEX;0;20180518;101614;2325.190000000;1308227
IMOEX;0;20180518;101615;2325.180000000;900880
IMOEX;0;20180518;101616;2325.220000000;8537884
IMOEX;0;20180518;101617;2325.130000000;47666
IMOEX;0;20180518;101618;2325.160000000;2065513
IMOEX;0;20180518;101619;2325.060000000;2370097
IMOEX;0;20180518;101620;2325.090000000;578681
IMOEX;0;20180518;101621;2325.200000000;220092
IMOEX;0;20180518;101622;2325.210000000;39271
IMOEX;0;20180518;101623;2325.260000000;2113909
IMOEX;0;20180518;101624;2325.310000000;858072
IMOEX;0;20180518;101625;2325.320000000;5316142
IMOEX;0;20180518;101626;2325.340000000;974415
IMOEX;0;20180518;101627;2325.500000000;12577975
IMOEX;0;20180518;101628;2325.500000000;384851
IMOEX;0;20180518;101629;2325.470000000;528878
IMOEX;0;20180518;101630;2325.440000000;207611
IMOEX;0;20180518;101631;2325.490000000;1773153
IMOEX;0;20180518;101632;2325.540000000;927576
IMOEX;0;20180518;101633;2325.570000000;3251267
IMOEX;0;20180518;101634;2325.600000000;457759
IMOEX;0;20180518;101635;2325.670000000;1192575
IMOEX;0;20180518;101636;2325.650000000;1179135
IMOEX;0;20180518;101637;2325.630000000;24596
IMOEX;0;20180518;101638;2325.630000000;0
IMOEX;0;20180518;101639;2325.630000000;527096
IMOEX;0;20180518;101640;2325.580000000;1444782
IMOEX;0;20180518;101641;2325.600000000;109485
IMOEX;0;20180518;101642;2325.640000000;8709034
IMOEX;0;20180518;101643;2325.640000000;20651
IMOEX;0;20180518;101644;2325.600000000;3417137
IMOEX;0;20180518;101645;2325.640000000;106046
IMOEX;0;20180518;101646;2325.530000000;1409283
IMOEX;0;20180518;101647;2325.390000000;2155643
IMOEX;0;20180518;101648;2325.540000000;18376715
IMOEX;0;20180518;101649;2325.540000000;5180
IMOEX;0;20180518;101650;2325.550000000;992324
IMOEX;0;20180518;101651;2325.580000000;1408283
IMOEX;0;20180518;101652;2325.580000000;1811012
IMOEX;0;20180518;101653;2325.570000000;184872
IMOEX;0;20180518;101654;2325.550000000;946122
IMOEX;0;20180518;101655;2325.420000000;323737
IMOEX;0;20180518;101656;2325.400000000;569984
IMOEX;0;20180518;101657;2325.370000000;34468
IMOEX;0;20180518;101658;2325.390000000;1486880
IMOEX;0;20180518;101659;2325.430000000;720658
IMOEX;0;20180518;101700;2325.440000000;876101
IMOEX;0;20180518;101701;2325.320000000;2712060
IMOEX;0;20180518;101702;2325.310000000;4054850
IMOEX;0;20180518;101703;2325.390000000;378553
IMOEX;0;20180518;101704;2325.440000000;499635
IMOEX;0;20180518;101705;2325.440000000;277250
IMOEX;0;20180518;101706;2325.370000000;2147310
IMOEX;0;20180518;101707;2325.310000000;6372036
IMOEX;0;20180518;101708;2325.420000000;7323873
IMOEX;0;20180518;101709;2325.370000000;204404
IMOEX;0;20180518;101710;2325.300000000;868001
IMOEX;0;20180518;101711;2325.240000000;124617
IMOEX;0;20180518;101712;2325.250000000;1684592
IMOEX;0;20180518;101713;2325.380000000;290508
IMOEX;0;20180518;101714;2325.370000000;840595
IMOEX;0;20180518;101715;2325.390000000;8324
IMOEX;0;20180518;101716;2325.400000000;28251
IMOEX;0;20180518;101717;2325.410000000;724985
IMOEX;0;20180518;101718;2325.410000000;426731
IMOEX;0;20180518;101719;2325.440000000;979149
IMOEX;0;20180518;101720;2325.410000000;116496
IMOEX;0;20180518;101721;2325.470000000;725725
IMOEX;0;20180518;101722;2325.490000000;690670
IMOEX;0;20180518;101723;2325.440000000;29222
IMOEX;0;20180518;101724;2325.440000000;1490
IMOEX;0;20180518;101725;2325.410000000;750448
IMOEX;0;20180518;101726;2325.400000000;905099
IMOEX;0;20180518;101727;2325.450000000;107826
IMOEX;0;20180518;101728;2325.440000000;7654
IMOEX;0;20180518;101729;2325.460000000;53688
IMOEX;0;20180518;101730;2325.480000000;19893
IMOEX;0;20180518;101731;2325.440000000;4543038
IMOEX;0;20180518;101732;2325.440000000;4743
IMOEX;0;20180518;101733;2325.440000000;136193
IMOEX;0;20180518;101734;2325.430000000;201327
IMOEX;0;20180518;101735;2325.440000000;138873
IMOEX;0;20180518;101736;2325.440000000;16725
IMOEX;0;20180518;101737;2325.440000000;19636
IMOEX;0;20180518;101738;2325.440000000;69386
IMOEX;0;20180518;101739;2325.420000000;37345
IMOEX;0;20180518;101740;2325.460000000;158749
IMOEX;0;20180518;101741;2325.420000000;192450
IMOEX;0;20180518;101742;2325.450000000;5174
IMOEX;0;20180518;101743;2325.420000000;6957
IMOEX;0;20180518;101744;2325.440000000;58263
IMOEX;0;20180518;101745;2325.330000000;602413
IMOEX;0;20180518;101746;2325.310000000;53993
IMOEX;0;20180518;101747;2325.220000000;859533
IMOEX;0;20180518;101748;2325.200000000;953866
IMOEX;0;20180518;101749;2325.180000000;88059
IMOEX;0;20180518;101750;2325.180000000;231656
IMOEX;0;20180518;101751;2325.200000000;282056
IMOEX;0;20180518;101752;2325.230000000;556305
IMOEX;0;20180518;101753;2325.230000000;91821
IMOEX;0;20180518;101754;2325.250000000;470817
IMOEX;0;20180518;101755;2325.250000000;0
IMOEX;0;20180518;101756;2325.260000000;193486
IMOEX;0;20180518;101757;2325.260000000;1828
IMOEX;0;20180518;101758;2325.350000000;6588848
IMOEX;0;20180518;101759;2325.380000000;307910
IMOEX;0;20180518;101800;2325.400000000;2007891
IMOEX;0;20180518;101801;2325.320000000;2462891
IMOEX;0;20180518;101802;2325.320000000;398230
IMOEX;0;20180518;101803;2325.250000000;375081
IMOEX;0;20180518;101804;2325.240000000;253799
IMOEX;0;20180518;101805;2325.230000000;385680
IMOEX;0;20180518;101806;2325.110000000;3232039
IMOEX;0;20180518;101807;2325.150000000;2090581
IMOEX;0;20180518;101808;2325.150000000;1117268
IMOEX;0;20180518;101809;2325.140000000;13510
IMOEX;0;20180518;101810;2325.140000000;50396
IMOEX;0;20180518;101811;2325.130000000;209646
IMOEX;0;20180518;101812;2325.120000000;33058
IMOEX;0;20180518;101813;2325.170000000;52737
IMOEX;0;20180518;101814;2325.150000000;1190982
IMOEX;0;20180518;101815;2325.110000000;757447
IMOEX;0;20180518;101816;2325.070000000;962108
IMOEX;0;20180518;101817;2325.090000000;90842
IMOEX;0;20180518;101818;2325.100000000;470689
IMOEX;0;20180518;101819;2325.170000000;903895
IMOEX;0;20180518;101820;2325.200000000;6053628
IMOEX;0;20180518;101821;2325.210000000;248913
IMOEX;0;20180518;101822;2325.230000000;1357250
IMOEX;0;20180518;101823;2325.220000000;682480
IMOEX;0;20180518;101824;2325.220000000;0
IMOEX;0;20180518;101825;2325.220000000;237137
IMOEX;0;20180518;101826;2325.250000000;337844
IMOEX;0;20180518;101827;2325.250000000;4082777
IMOEX;0;20180518;101828;2325.290000000;5672855
IMOEX;0;20180518;101829;2325.160000000;1195214
IMOEX;0;20180518;101830;2325.160000000;543284
IMOEX;0;20180518;101831;2325.150000000;606733
IMOEX;0;20180518;101832;2325.090000000;250337
IMOEX;0;20180518;101833;2325.110000000;2362331
IMOEX;0;20180518;101834;2325.140000000;2105816
IMOEX;0;20180518;101835;2325.100000000;314836
IMOEX;0;20180518;101836;2325.060000000;2419262
IMOEX;0;20180518;101837;2325.060000000;398159
IMOEX;0;20180518;101838;2325.050000000;224144
IMOEX;0;20180518;101839;2325.040000000;704771
IMOEX;0;20180518;101840;2324.840000000;1108750
IMOEX;0;20180518;101841;2324.920000000;1767264
IMOEX;0;20180518;101842;2324.880000000;18314
IMOEX;0;20180518;101843;2324.880000000;247617
IMOEX;0;20180518;101844;2324.870000000;18424
IMOEX;0;20180518;101845;2324.840000000;297032
IMOEX;0;20180518;101846;2324.840000000;838191
IMOEX;0;20180518;101847;2324.820000000;277565
IMOEX;0;20180518;101848;2324.840000000;230135
IMOEX;0;20180518;101849;2324.820000000;522237
IMOEX;0;20180518;101850;2325.070000000;1264240
IMOEX;0;20180518;101851;2325.060000000;258021
IMOEX;0;20180518;101852;2325.090000000;166563
IMOEX;0;20180518;101853;2324.970000000;1182368
IMOEX;0;20180518;101854;2325.000000000;318839
IMOEX;0;20180518;101855;2324.770000000;4430485
IMOEX;0;20180518;101856;2324.920000000;260948
IMOEX;0;20180518;101857;2324.830000000;3546358
IMOEX;0;20180518;101858;2324.820000000;2883581
IMOEX;0;20180518;101859;2324.790000000;46425
IMOEX;0;20180518;101900;2324.820000000;868287
IMOEX;0;20180518;101901;2324.850000000;403705
IMOEX;0;20180518;101902;2324.770000000;1199363
IMOEX;0;20180518;101903;2324.760000000;238366
IMOEX;0;20180518;101904;2324.710000000;552264
IMOEX;0;20180518;101905;2324.870000000;2032991
IMOEX;0;20180518;101906;2324.880000000;2303919
IMOEX;0;20180518;101907;2324.850000000;456297
IMOEX;0;20180518;101908;2324.860000000;755127
IMOEX;0;20180518;101909;2324.820000000;337545
IMOEX;0;20180518;101910;2324.830000000;309860
IMOEX;0;20180518;101911;2324.860000000;767236
IMOEX;0;20180518;101912;2324.820000000;1938147
IMOEX;0;20180518;101913;2324.840000000;420321
IMOEX;0;20180518;101914;2324.830000000;1610388
IMOEX;0;20180518;101915;2324.850000000;236073
IMOEX;0;20180518;101916;2324.780000000;550591
IMOEX;0;20180518;101917;2324.760000000;87711
IMOEX;0;20180518;101918;2324.720000000;716317
IMOEX;0;20180518;101919;2324.730000000;822176
IMOEX;0;20180518;101920;2324.670000000;573748
IMOEX;0;20180518;101921;2324.670000000;1252217
IMOEX;0;20180518;101922;2324.680000000;236055
IMOEX;0;20180518;101923;2324.740000000;430148
IMOEX;0;20180518;101924;2324.970000000;3244513
IMOEX;0;20180518;101925;2324.980000000;298571
IMOEX;0;20180518;101926;2324.970000000;337068
IMOEX;0;20180518;101927;2325.000000000;351255
IMOEX;0;20180518;101928;2325.010000000;100607
IMOEX;0;20180518;101929;2324.980000000;907591
IMOEX;0;20180518;101930;2325.080000000;1387552
IMOEX;0;20180518;101931;2325.030000000;640410
IMOEX;0;20180518;101932;2325.060000000;2898834
IMOEX;0;20180518;101933;2325.090000000;80500
IMOEX;0;20180518;101934;2325.130000000;828978
IMOEX;0;20180518;101935;2325.140000000;650614
IMOEX;0;20180518;101936;2325.130000000;532831
IMOEX;0;20180518;101937;2325.160000000;261692
IMOEX;0;20180518;101938;2325.170000000;1022990
IMOEX;0;20180518;101939;2325.150000000;394570
IMOEX;0;20180518;101940;2325.130000000;830573
IMOEX;0;20180518;101941;2325.170000000;50734
IMOEX;0;20180518;101942;2325.200000000;341757
IMOEX;0;20180518;101943;2325.210000000;331142
IMOEX;0;20180518;101944;2325.190000000;1537515
IMOEX;0;20180518;101945;2325.200000000;1877545
IMOEX;0;20180518;101946;2325.190000000;386099
IMOEX;0;20180518;101947;2325.120000000;5756754
IMOEX;0;20180518;101948;2325.090000000;270384
IMOEX;0;20180518;101949;2325.110000000;2462773
IMOEX;0;20180518;101950;2325.200000000;1249843
IMOEX;0;20180518;101951;2325.220000000;589582
IMOEX;0;20180518;101952;2325.270000000;1099110
IMOEX;0;20180518;101953;2325.280000000;724802
IMOEX;0;20180518;101954;2325.230000000;1388122
IMOEX;0;20180518;101955;2325.260000000;2902831
IMOEX;0;20180518;101956;2325.290000000;132317
IMOEX;0;20180518;101957;2325.300000000;2604667
IMOEX;0;20180518;101958;2325.300000000;154160
IMOEX;0;20180518;101959;2325.290000000;225454
IMOEX;0;20180518;102000;2325.290000000;18055
IMOEX;0;20180518;102001;2325.300000000;1290346
IMOEX;0;20180518;102002;2325.230000000;422866
IMOEX;0;20180518;102003;2325.090000000;190701
IMOEX;0;20180518;102004;2324.960000000;105043
IMOEX;0;20180518;102005;2324.960000000;2195612
IMOEX;0;20180518;102006;2324.940000000;241837
IMOEX;0;20180518;102007;2325.020000000;267362
IMOEX;0;20180518;102008;2324.930000000;372604
IMOEX;0;20180518;102009;2324.820000000;2088887
IMOEX;0;20180518;102010;2324.810000000;42988
IMOEX;0;20180518;102011;2324.770000000;1712883
IMOEX;0;20180518;102012;2324.840000000;1091267
IMOEX;0;20180518;102013;2324.920000000;4007653
IMOEX;0;20180518;102014;2324.910000000;1275478
IMOEX;0;20180518;102015;2324.920000000;4261681
IMOEX;0;20180518;102016;2324.980000000;743903
IMOEX;0;20180518;102017;2324.940000000;584019
IMOEX;0;20180518;102018;2324.780000000;4223988
IMOEX;0;20180518;102019;2324.820000000;1202183
IMOEX;0;20180518;102020;2324.730000000;813719
IMOEX;0;20180518;102021;2324.760000000;561197
IMOEX;0;20180518;102022;2324.900000000;122817
IMOEX;0;20180518;102023;2324.950000000;495100
IMOEX;0;20180518;102024;2324.980000000;108087
IMOEX;0;20180518;102025;2324.980000000;15348
IMOEX;0;20180518;102026;2324.940000000;552378
IMOEX;0;20180518;102027;2324.940000000;236974
IMOEX;0;20180518;102028;2324.940000000;762809
IMOEX;0;20180518;102029;2325.000000000;270047
IMOEX;0;20180518;102030;2325.100000000;368812
IMOEX;0;20180518;102031;2325.100000000;285971
IMOEX;0;20180518;102032;2325.110000000;5803
IMOEX;0;20180518;102033;2325.100000000;565888
IMOEX;0;20180518;102034;2325.100000000;178938
IMOEX;0;20180518;102035;2325.080000000;138725
IMOEX;0;20180518;102036;2325.140000000;2708769
IMOEX;0;20180518;102037;2325.110000000;110018
IMOEX;0;20180518;102038;2325.140000000;232229
IMOEX;0;20180518;102039;2325.140000000;79440
IMOEX;0;20180518;102040;2325.020000000;644757
IMOEX;0;20180518;102041;2325.020000000;0
IMOEX;0;20180518;102042;2325.020000000;0
IMOEX;0;20180518;102043;2324.940000000;573990
IMOEX;0;20180518;102044;2324.990000000;494112
IMOEX;0;20180518;102045;2324.870000000;1283883
IMOEX;0;20180518;102046;2324.770000000;1482114
IMOEX;0;20180518;102047;2324.810000000;518948
IMOEX;0;20180518;102048;2324.810000000;34649
IMOEX;0;20180518;102049;2324.840000000;2215421
IMOEX;0;20180518;102050;2324.820000000;340324
IMOEX;0;20180518;102051;2324.840000000;370814
IMOEX;0;20180518;102052;2324.840000000;311735
IMOEX;0;20180518;102053;2324.910000000;340786
IMOEX;0;20180518;102054;2324.910000000;1979706
IMOEX;0;20180518;102055;2324.870000000;672196
IMOEX;0;20180518;102056;2324.860000000;3813
IMOEX;0;20180518;102057;2324.660000000;3464285
IMOEX;0;20180518;102058;2324.740000000;1081548
IMOEX;0;20180518;102059;2324.640000000;224731
IMOEX;0;20180518;102100;2324.610000000;1235651
IMOEX;0;20180518;102101;2324.110000000;11989561
IMOEX;0;20180518;102102;2324.090000000;3141903
IMOEX;0;20180518;102103;2324.040000000;4964878
IMOEX;0;20180518;102104;2323.540000000;7003415
IMOEX;0;20180518;102105;2323.600000000;3040283
IMOEX;0;20180518;102106;2323.560000000;967590
IMOEX;0;20180518;102107;2323.420000000;4206124
IMOEX;0;20180518;102108;2323.400000000;2446089
IMOEX;0;20180518;102109;2323.360000000;1430480
IMOEX;0;20180518;102110;2323.360000000;41986
IMOEX;0;20180518;102111;2323.470000000;1777115
IMOEX;0;20180518;102112;2323.510000000;788243
IMOEX;0;20180518;102113;2323.580000000;1039973
IMOEX;0;20180518;102114;2323.790000000;2173332
IMOEX;0;20180518;102115;2323.880000000;978316
IMOEX;0;20180518;102116;2323.870000000;30423
IMOEX;0;20180518;102117;2323.860000000;128983
IMOEX;0;20180518;102118;2323.860000000;291862
IMOEX;0;20180518;102119;2323.850000000;1933092
IMOEX;0;20180518;102120;2323.840000000;3993
IMOEX;0;20180518;102121;2323.790000000;280440
IMOEX;0;20180518;102122;2323.830000000;5267780
IMOEX;0;20180518;102123;2323.900000000;628250
IMOEX;0;20180518;102124;2323.920000000;913342
IMOEX;0;20180518;102125;2323.900000000;5170
IMOEX;0;20180518;102126;2323.900000000;284267
IMOEX;0;20180518;102127;2323.860000000;269819
IMOEX;0;20180518;102128;2323.950000000;625897
IMOEX;0;20180518;102129;2324.010000000;1317613
IMOEX;0;20180518;102130;2323.920000000;593480
IMOEX;0;20180518;102131;2323.980000000;1163146
IMOEX;0;20180518;102132;2323.970000000;1388227
IMOEX;0;20180518;102133;2323.970000000;3135651
IMOEX;0;20180518;102134;2323.970000000;2564
IMOEX;0;20180518;102135;2324.120000000;3954042
IMOEX;0;20180518;102136;2324.140000000;1301664
IMOEX;0;20180518;102137;2324.160000000;1818549
IMOEX;0;20180518;102138;2324.160000000;56263
IMOEX;0;20180518;102139;2324.210000000;149279
IMOEX;0;20180518;102140;2324.200000000;1292708
IMOEX;0;20180518;102141;2324.170000000;1092143
IMOEX;0;20180518;102142;2324.180000000;321011
IMOEX;0;20180518;102143;2324.180000000;16285
IMOEX;0;20180518;102144;2324.140000000;4495701
IMOEX;0;20180518;102145;2324.080000000;860993
IMOEX;0;20180518;102146;2324.110000000;1293815
IMOEX;0;20180518;102147;2324.160000000;3414422
IMOEX;0;20180518;102148;2324.230000000;277564
IMOEX;0;20180518;102149;2324.180000000;1094047
IMOEX;0;20180518;102150;2324.140000000;1152207
IMOEX;0;20180518;102151;2324.140000000;15250
IMOEX;0;20180518;102152;2324.140000000;120899
IMOEX;0;20180518;102153;2324.140000000;5079464
IMOEX;0;20180518;102154;2324.110000000;51155
IMOEX;0;20180518;102155;2324.000000000;554269
IMOEX;0;20180518;102156;2323.950000000;1658193
IMOEX;0;20180518;102157;2324.070000000;9441
IMOEX;0;20180518;102158;2324.090000000;139097
IMOEX;0;20180518;102159;2324.000000000;735326
IMOEX;0;20180518;102200;2324.020000000;1671396
IMOEX;0;20180518;102201;2324.040000000;868606
IMOEX;0;20180518;102202;2324.010000000;820485
IMOEX;0;20180518;102203;2324.070000000;1398132
IMOEX;0;20180518;102204;2324.050000000;1286950
IMOEX;0;20180518;102205;2324.110000000;339660
IMOEX;0;20180518;102206;2324.180000000;240497
IMOEX;0;20180518;102207;2324.060000000;2399549
IMOEX;0;20180518;102208;2323.990000000;17904
IMOEX;0;20180518;102209;2324.050000000;314477
IMOEX;0;20180518;102210;2324.080000000;1397009
IMOEX;0;20180518;102211;2324.080000000;4201975
IMOEX;0;20180518;102212;2324.130000000;1059297
IMOEX;0;20180518;102213;2324.090000000;474904
IMOEX;0;20180518;102214;2324.230000000;2132373
IMOEX;0;20180518;102215;2324.220000000;184413
IMOEX;0;20180518;102216;2324.180000000;207736
IMOEX;0;20180518;102217;2324.190000000;16238
IMOEX;0;20180518;102218;2324.190000000;562926
IMOEX;0;20180518;102219;2324.110000000;641095
IMOEX;0;20180518;102220;2324.100000000;737727
IMOEX;0;20180518;102221;2324.150000000;147829
IMOEX;0;20180518;102222;2324.230000000;600730
IMOEX;0;20180518;102223;2324.230000000;271534
IMOEX;0;20180518;102224;2324.230000000;0
IMOEX;0;20180518;102225;2324.160000000;62858
IMOEX;0;20180518;102226;2324.110000000;190551
IMOEX;0;20180518;102227;2324.140000000;225873
IMOEX;0;20180518;102228;2324.330000000;2547334
IMOEX;0;20180518;102229;2324.440000000;4755086
IMOEX;0;20180518;102230;2324.410000000;379451
IMOEX;0;20180518;102231;2324.400000000;1455302
IMOEX;0;20180518;102232;2324.490000000;625568
IMOEX;0;20180518;102233;2324.480000000;236438
IMOEX;0;20180518;102234;2324.530000000;1567573
IMOEX;0;20180518;102235;2324.550000000;236484
IMOEX;0;20180518;102236;2324.520000000;739811
IMOEX;0;20180518;102237;2324.520000000;816472
IMOEX;0;20180518;102238;2324.540000000;1797398
IMOEX;0;20180518;102239;2324.590000000;656886
IMOEX;0;20180518;102240;2324.800000000;1070709
IMOEX;0;20180518;102241;2324.900000000;1624677
IMOEX;0;20180518;102242;2325.030000000;899156
IMOEX;0;20180518;102243;2324.950000000;159002
IMOEX;0;20180518;102244;2324.980000000;2406393
IMOEX;0;20180518;102245;2324.950000000;177917
IMOEX;0;20180518;102246;2324.930000000;153294
IMOEX;0;20180518;102247;2324.900000000;550344
IMOEX;0;20180518;102248;2324.890000000;3984
IMOEX;0;20180518;102249;2325.040000000;1671379
IMOEX;0;20180518;102250;2325.050000000;382543
IMOEX;0;20180518;102251;2324.970000000;8755
IMOEX;0;20180518;102252;2324.970000000;435202
IMOEX;0;20180518;102253;2325.040000000;349006
IMOEX;0;20180518;102254;2325.020000000;1531533
IMOEX;0;20180518;102255;2325.020000000;162418
IMOEX;0;20180518;102256;2325.030000000;28453
IMOEX;0;20180518;102257;2325.000000000;139053
IMOEX;0;20180518;102258;2324.980000000;601692
IMOEX;0;20180518;102259;2324.990000000;200674
IMOEX;0;20180518;102300;2325.000000000;4164660
IMOEX;0;20180518;102301;2325.010000000;55032
IMOEX;0;20180518;102302;2325.000000000;769465
IMOEX;0;20180518;102303;2325.050000000;2056364
IMOEX;0;20180518;102304;2325.090000000;679649
IMOEX;0;20180518;102305;2325.030000000;325490
IMOEX;0;20180518;102306;2324.950000000;384881
IMOEX;0;20180518;102307;2324.920000000;159172
IMOEX;0;20180518;102308;2324.920000000;0
IMOEX;0;20180518;102309;2324.800000000;1618720
IMOEX;0;20180518;102310;2324.800000000;45693
IMOEX;0;20180518;102311;2324.710000000;6396557
IMOEX;0;20180518;102312;2324.570000000;1687754
IMOEX;0;20180518;102313;2324.560000000;652884
IMOEX;0;20180518;102314;2324.560000000;2456797
IMOEX;0;20180518;102315;2324.520000000;1803677
IMOEX;0;20180518;102316;2324.480000000;173343
IMOEX;0;20180518;102317;2324.500000000;292643
IMOEX;0;20180518;102318;2324.490000000;383609
IMOEX;0;20180518;102319;2324.580000000;1566254
IMOEX;0;20180518;102320;2324.590000000;197916
IMOEX;0;20180518;102321;2324.580000000;259878
IMOEX;0;20180518;102322;2324.730000000;1022467
IMOEX;0;20180518;102323;2324.690000000;239623
IMOEX;0;20180518;102324;2324.610000000;11131433
IMOEX;0;20180518;102325;2324.630000000;2061615
IMOEX;0;20180518;102326;2324.610000000;689307
IMOEX;0;20180518;102327;2324.610000000;513
IMOEX;0;20180518;102328;2324.640000000;99631
IMOEX;0;20180518;102329;2324.740000000;787884
IMOEX;0;20180518;102330;2324.700000000;1316817
IMOEX;0;20180518;102331;2324.800000000;904786
IMOEX;0;20180518;102332;2324.760000000;912078
IMOEX;0;20180518;102333;2324.760000000;158035
IMOEX;0;20180518;102334;2324.780000000;54898
IMOEX;0;20180518;102335;2324.790000000;983801
IMOEX;0;20180518;102336;2324.810000000;478759
IMOEX;0;20180518;102337;2324.790000000;285206
IMOEX;0;20180518;102338;2324.790000000;753542
IMOEX;0;20180518;102339;2324.730000000;1185772
IMOEX;0;20180518;102340;2324.720000000;119554
IMOEX;0;20180518;102341;2324.700000000;1825044
IMOEX;0;20180518;102342;2324.740000000;204279
IMOEX;0;20180518;102343;2324.780000000;153165
IMOEX;0;20180518;102344;2324.780000000;0
IMOEX;0;20180518;102345;2324.770000000;49513
IMOEX;0;20180518;102346;2324.770000000;1068262
IMOEX;0;20180518;102347;2324.770000000;1818514
IMOEX;0;20180518;102348;2324.720000000;3712791
IMOEX;0;20180518;102349;2324.890000000;345362
IMOEX;0;20180518;102350;2324.870000000;181636
IMOEX;0;20180518;102351;2324.890000000;1013160
IMOEX;0;20180518;102352;2324.870000000;583722
IMOEX;0;20180518;102353;2324.810000000;89775
IMOEX;0;20180518;102354;2324.780000000;862469
IMOEX;0;20180518;102355;2324.780000000;235435
IMOEX;0;20180518;102356;2324.780000000;2834532
IMOEX;0;20180518;102357;2324.820000000;175080
IMOEX;0;20180518;102358;2324.770000000;697905
IMOEX;0;20180518;102359;2324.750000000;688846
IMOEX;0;20180518;102400;2324.870000000;1430901
IMOEX;0;20180518;102401;2324.820000000;182704
IMOEX;0;20180518;102402;2324.870000000;67188
IMOEX;0;20180518;102403;2324.860000000;223986
IMOEX;0;20180518;102404;2324.860000000;72495
IMOEX;0;20180518;102405;2324.840000000;7259044
IMOEX;0;20180518;102406;2324.780000000;515383
IMOEX;0;20180518;102407;2324.810000000;955482
IMOEX;0;20180518;102408;2324.930000000;1472599
IMOEX;0;20180518;102409;2324.830000000;701453
IMOEX;0;20180518;102410;2324.920000000;1704460
IMOEX;0;20180518;102411;2324.940000000;762495
IMOEX;0;20180518;102412;2324.950000000;239707
IMOEX;0;20180518;102413;2325.000000000;2381863
IMOEX;0;20180518;102414;2324.960000000;4066258
IMOEX;0;20180518;102415;2324.910000000;332528
IMOEX;0;20180518;102416;2325.000000000;2819567
IMOEX;0;20180518;102417;2325.090000000;851206
IMOEX;0;20180518;102418;2325.140000000;703424
IMOEX;0;20180518;102419;2325.010000000;2451828
IMOEX;0;20180518;102420;2325.010000000;9224570
IMOEX;0;20180518;102421;2325.080000000;626587
IMOEX;0;20180518;102422;2325.020000000;2937538
IMOEX;0;20180518;102423;2325.030000000;1058223
IMOEX;0;20180518;102424;2325.030000000;136142
IMOEX;0;20180518;102425;2325.110000000;45989
IMOEX;0;20180518;102426;2325.070000000;498654
IMOEX;0;20180518;102427;2325.070000000;2288594
IMOEX;0;20180518;102428;2325.070000000;205980
IMOEX;0;20180518;102429;2325.110000000;1233983
IMOEX;0;20180518;102430;2325.100000000;207699
IMOEX;0;20180518;102431;2325.060000000;5405
IMOEX;0;20180518;102432;2325.070000000;1257024
IMOEX;0;20180518;102433;2325.060000000;114764
IMOEX;0;20180518;102434;2325.060000000;73822
IMOEX;0;20180518;102435;2325.050000000;744383
IMOEX;0;20180518;102436;2325.070000000;422939
IMOEX;0;20180518;102437;2325.040000000;941242
IMOEX;0;20180518;102438;2325.050000000;322770
IMOEX;0;20180518;102439;2325.070000000;695594
IMOEX;0;20180518;102440;2325.040000000;52393
IMOEX;0;20180518;102441;2325.040000000;445211
IMOEX;0;20180518;102442;2325.070000000;2718662
IMOEX;0;20180518;102443;2325.120000000;525414
IMOEX;0;20180518;102444;2325.180000000;859915
IMOEX;0;20180518;102445;2325.180000000;339852
IMOEX;0;20180518;102446;2325.150000000;57360
IMOEX;0;20180518;102447;2325.150000000;1479651
IMOEX;0;20180518;102448;2325.160000000;26883
IMOEX;0;20180518;102449;2325.160000000;514
IMOEX;0;20180518;102450;2325.160000000;4307832
IMOEX;0;20180518;102451;2325.160000000;241631
IMOEX;0;20180518;102452;2325.170000000;242621
IMOEX;0;20180518;102453;2325.180000000;731449
IMOEX;0;20180518;102454;2325.180000000;127425
IMOEX;0;20180518;102455;2325.180000000;1069994
IMOEX;0;20180518;102456;2325.190000000;3105840
IMOEX;0;20180518;102457;2325.210000000;251910
IMOEX;0;20180518;102458;2325.230000000;1780837
IMOEX;0;20180518;102459;2325.220000000;70927
IMOEX;0;20180518;102500;2325.220000000;8239
IMOEX;0;20180518;102501;2325.180000000;78017
IMOEX;0;20180518;102502;2325.170000000;948063
IMOEX;0;20180518;102503;2325.150000000;556902
IMOEX;0;20180518;102504;2325.210000000;4822
IMOEX;0;20180518;102505;2325.200000000;1350370
IMOEX;0;20180518;102506;2325.020000000;732759
IMOEX;0;20180518;102507;2324.960000000;218752
IMOEX;0;20180518;102508;2324.910000000;274767
IMOEX;0;20180518;102509;2324.960000000;1312171
IMOEX;0;20180518;102510;2324.910000000;862110
IMOEX;0;20180518;102511;2324.910000000;29185
IMOEX;0;20180518;102512;2325.000000000;460057
IMOEX;0;20180518;102513;2324.960000000;373772
IMOEX;0;20180518;102514;2324.990000000;1324718
IMOEX;0;20180518;102515;2325.090000000;30170030
IMOEX;0;20180518;102516;2325.220000000;437262
IMOEX;0;20180518;102517;2325.150000000;100858
IMOEX;0;20180518;102518;2324.910000000;5848960
IMOEX;0;20180518;102519;2325.040000000;1126495
IMOEX;0;20180518;102520;2325.120000000;170623
IMOEX;0;20180518;102521;2325.110000000;2836725
IMOEX;0;20180518;102522;2325.140000000;616105
IMOEX;0;20180518;102523;2325.160000000;1417948
IMOEX;0;20180518;102524;2325.090000000;5325351
IMOEX;0;20180518;102525;2325.080000000;4728453
IMOEX;0;20180518;102526;2325.100000000;561018
IMOEX;0;20180518;102527;2325.200000000;3537002
IMOEX;0;20180518;102528;2325.220000000;585322
IMOEX;0;20180518;102529;2325.140000000;2471272
IMOEX;0;20180518;102530;2325.110000000;1348558
IMOEX;0;20180518;102531;2325.150000000;777144
IMOEX;0;20180518;102532;2325.150000000;0
IMOEX;0;20180518;102533;2325.180000000;12699
IMOEX;0;20180518;102534;2325.100000000;335940
IMOEX;0;20180518;102535;2325.100000000;44025
IMOEX;0;20180518;102536;2325.160000000;1197433
IMOEX;0;20180518;102537;2325.070000000;1442703
IMOEX;0;20180518;102538;2325.110000000;722705
IMOEX;0;20180518;102539;2325.130000000;88582
IMOEX;0;20180518;102540;2325.230000000;1254901
IMOEX;0;20180518;102541;2325.240000000;267449
IMOEX;0;20180518;102542;2325.210000000;2485647
IMOEX;0;20180518;102543;2325.420000000;351459
IMOEX;0;20180518;102544;2325.430000000;109236
IMOEX;0;20180518;102545;2325.410000000;146241
IMOEX;0;20180518;102546;2325.420000000;97363
IMOEX;0;20180518;102547;2325.420000000;13347
IMOEX;0;20180518;102548;2325.330000000;43785
IMOEX;0;20180518;102549;2325.370000000;56698
IMOEX;0;20180518;102550;2325.450000000;586241
IMOEX;0;20180518;102551;2325.450000000;1082556
IMOEX;0;20180518;102552;2325.430000000;111057
IMOEX;0;20180518;102553;2325.480000000;1552989
IMOEX;0;20180518;102554;2325.530000000;874921
IMOEX;0;20180518;102555;2325.540000000;500110
IMOEX;0;20180518;102556;2325.510000000;230004
IMOEX;0;20180518;102557;2325.550000000;1108812
IMOEX;0;20180518;102558;2325.540000000;683206
IMOEX;0;20180518;102559;2325.540000000;1363909
IMOEX;0;20180518;102600;2325.480000000;1076751
IMOEX;0;20180518;102601;2325.480000000;1759774
IMOEX;0;20180518;102602;2325.440000000;297127
IMOEX;0;20180518;102603;2325.310000000;372767
IMOEX;0;20180518;102604;2325.320000000;290183
IMOEX;0;20180518;102605;2325.330000000;228320
IMOEX;0;20180518;102606;2325.340000000;586716
IMOEX;0;20180518;102607;2325.240000000;233339
IMOEX;0;20180518;102608;2325.240000000;243284
IMOEX;0;20180518;102609;2325.620000000;9649271
IMOEX;0;20180518;102610;2325.610000000;1935323
IMOEX;0;20180518;102611;2325.700000000;248663
IMOEX;0;20180518;102612;2325.650000000;524778
IMOEX;0;20180518;102613;2325.640000000;398832
IMOEX;0;20180518;102614;2325.670000000;1407581
IMOEX;0;20180518;102615;2325.600000000;1574565
IMOEX;0;20180518;102616;2325.520000000;914935
IMOEX;0;20180518;102617;2325.530000000;195361
IMOEX;0;20180518;102618;2325.490000000;1843460
IMOEX;0;20180518;102619;2325.470000000;521261
IMOEX;0;20180518;102620;2325.470000000;1080101
IMOEX;0;20180518;102621;2325.340000000;1037869
IMOEX;0;20180518;102622;2325.440000000;173733
IMOEX;0;20180518;102623;2325.460000000;268085
IMOEX;0;20180518;102624;2325.420000000;1391516
IMOEX;0;20180518;102625;2325.430000000;125116
IMOEX;0;20180518;102626;2325.510000000;226005
IMOEX;0;20180518;102627;2325.590000000;1569010
IMOEX;0;20180518;102628;2325.590000000;1252682
IMOEX;0;20180518;102629;2325.580000000;105515
IMOEX;0;20180518;102630;2325.530000000;439161
IMOEX;0;20180518;102631;2325.530000000;141652
IMOEX;0;20180518;102632;2325.460000000;296835
IMOEX;0;20180518;102633;2325.480000000;114219
IMOEX;0;20180518;102634;2325.340000000;886519
IMOEX;0;20180518;102635;2325.480000000;1178918
IMOEX;0;20180518;102636;2325.470000000;102442
IMOEX;0;20180518;102637;2325.580000000;124622
IMOEX;0;20180518;102638;2325.580000000;394774
IMOEX;0;20180518;102639;2325.580000000;37947
IMOEX;0;20180518;102640;2325.580000000;0
IMOEX;0;20180518;102641;2325.580000000;807859
IMOEX;0;20180518;102642;2325.540000000;104456
IMOEX;0;20180518;102643;2325.550000000;18101
IMOEX;0;20180518;102644;2325.590000000;1948705
IMOEX;0;20180518;102645;2325.620000000;1174191
IMOEX;0;20180518;102646;2325.640000000;302615
IMOEX;0;20180518;102647;2325.660000000;2284164
IMOEX;0;20180518;102648;2325.670000000;3175918
IMOEX;0;20180518;102649;2325.630000000;352339
IMOEX;0;20180518;102650;2325.640000000;1807513
IMOEX;0;20180518;102651;2325.600000000;533915
IMOEX;0;20180518;102652;2325.670000000;370693
IMOEX;0;20180518;102653;2325.660000000;176037
IMOEX;0;20180518;102654;2325.660000000;69916
IMOEX;0;20180518;102655;2325.760000000;3105108
IMOEX;0;20180518;102656;2325.770000000;3631912
IMOEX;0;20180518;102657;2325.950000000;2331856
IMOEX;0;20180518;102658;2325.980000000;84321
IMOEX;0;20180518;102659;2325.980000000;479934
IMOEX;0;20180518;102700;2325.990000000;7764814
IMOEX;0;20180518;102701;2325.940000000;234169
IMOEX;0;20180518;102702;2326.000000000;1830279
IMOEX;0;20180518;102703;2325.980000000;59509
IMOEX;0;20180518;102704;2325.980000000;707007
IMOEX;0;20180518;102705;2325.980000000;699720
IMOEX;0;20180518;102706;2325.960000000;786936
IMOEX;0;20180518;102707;2325.960000000;539896
IMOEX;0;20180518;102708;2326.010000000;562404
IMOEX;0;20180518;102709;2326.030000000;1786045
IMOEX;0;20180518;102710;2326.050000000;1273387
IMOEX;0;20180518;102711;2326.070000000;803502
IMOEX;0;20180518;102712;2326.070000000;349672
IMOEX;0;20180518;102713;2326.070000000;93336
IMOEX;0;20180518;102714;2326.070000000;1495860
IMOEX;0;20180518;102715;2326.010000000;98161
IMOEX;0;20180518;102716;2326.030000000;2626399
IMOEX;0;20180518;102717;2326.060000000;1132603
IMOEX;0;20180518;102718;2326.010000000;1174031
IMOEX;0;20180518;102719;2326.020000000;471232
IMOEX;0;20180518;102720;2325.980000000;452111
IMOEX;0;20180518;102721;2325.930000000;2212079
IMOEX;0;20180518;102722;2325.850000000;2017654
IMOEX;0;20180518;102723;2325.840000000;146876
IMOEX;0;20180518;102724;2325.840000000;276295
IMOEX;0;20180518;102725;2325.850000000;604198
IMOEX;0;20180518;102726;2325.880000000;1931339
IMOEX;0;20180518;102727;2325.880000000;56100
IMOEX;0;20180518;102728;2325.880000000;822
IMOEX;0;20180518;102729;2325.880000000;7709
IMOEX;0;20180518;102730;2325.990000000;2025603
IMOEX;0;20180518;102731;2326.120000000;4209776
IMOEX;0;20180518;102732;2326.220000000;4816545
IMOEX;0;20180518;102733;2326.340000000;2667488
IMOEX;0;20180518;102734;2326.590000000;3484073
IMOEX;0;20180518;102735;2326.630000000;184953
IMOEX;0;20180518;102736;2326.630000000;92034
IMOEX;0;20180518;102737;2326.630000000;3297334
IMOEX;0;20180518;102738;2326.610000000;58867
IMOEX;0;20180518;102739;2326.640000000;165575
IMOEX;0;20180518;102740;2326.540000000;43317
IMOEX;0;20180518;102741;2326.530000000;191682
IMOEX;0;20180518;102742;2326.690000000;337680
IMOEX;0;20180518;102743;2326.690000000;44312
IMOEX;0;20180518;102744;2326.590000000;4823988
IMOEX;0;20180518;102745;2326.470000000;1606523
IMOEX;0;20180518;102746;2326.370000000;636648
IMOEX;0;20180518;102747;2326.370000000;98260
IMOEX;0;20180518;102748;2326.490000000;569161
IMOEX;0;20180518;102749;2326.490000000;95250
IMOEX;0;20180518;102750;2326.550000000;91093
IMOEX;0;20180518;102751;2326.720000000;130471
IMOEX;0;20180518;102752;2326.710000000;3304374
IMOEX;0;20180518;102753;2326.730000000;281117
IMOEX;0;20180518;102754;2326.720000000;332271
IMOEX;0;20180518;102755;2326.800000000;596238
IMOEX;0;20180518;102756;2326.820000000;6603030
IMOEX;0;20180518;102757;2326.870000000;817846
IMOEX;0;20180518;102758;2326.950000000;2635596
IMOEX;0;20180518;102759;2326.950000000;0
IMOEX;0;20180518;102800;2327.030000000;21425922
IMOEX;0;20180518;102801;2327.070000000;2472846
IMOEX;0;20180518;102802;2327.100000000;2821316
IMOEX;0;20180518;102803;2327.070000000;7848171
IMOEX;0;20180518;102804;2327.520000000;11985338
IMOEX;0;20180518;102805;2327.640000000;3949469
IMOEX;0;20180518;102806;2327.710000000;8947798
IMOEX;0;20180518;102807;2327.710000000;2490630
IMOEX;0;20180518;102808;2327.330000000;32626841
IMOEX;0;20180518;102809;2327.370000000;4269532
IMOEX;0;20180518;102810;2327.340000000;2931559
IMOEX;0;20180518;102811;2327.430000000;3844972
IMOEX;0;20180518;102812;2327.430000000;3327953
IMOEX;0;20180518;102813;2327.430000000;2667657
IMOEX;0;20180518;102814;2327.330000000;1589392
IMOEX;0;20180518;102815;2326.940000000;1114752
IMOEX;0;20180518;102816;2326.530000000;1531286
IMOEX;0;20180518;102817;2326.690000000;1908967
IMOEX;0;20180518;102818;2326.660000000;863288
IMOEX;0;20180518;102819;2326.600000000;1261841
IMOEX;0;20180518;102820;2326.620000000;83513
IMOEX;0;20180518;102821;2326.620000000;844475
IMOEX;0;20180518;102822;2326.730000000;314016
IMOEX;0;20180518;102823;2326.760000000;5297
IMOEX;0;20180518;102824;2326.810000000;534785
IMOEX;0;20180518;102825;2326.890000000;1204432
IMOEX;0;20180518;102826;2327.060000000;9276756
IMOEX;0;20180518;102827;2327.110000000;720422
IMOEX;0;20180518;102828;2327.040000000;706667
IMOEX;0;20180518;102829;2327.130000000;223964
IMOEX;0;20180518;102830;2327.140000000;2530321
IMOEX;0;20180518;102831;2327.330000000;1497791
IMOEX;0;20180518;102832;2327.290000000;169106
IMOEX;0;20180518;102833;2327.290000000;0
IMOEX;0;20180518;102834;2327.280000000;157040
IMOEX;0;20180518;102835;2327.260000000;489612
IMOEX;0;20180518;102836;2327.240000000;638956
IMOEX;0;20180518;102837;2327.250000000;503161
IMOEX;0;20180518;102838;2327.350000000;1485254
IMOEX;0;20180518;102839;2327.290000000;3731977
IMOEX;0;20180518;102840;2327.290000000;1913137
IMOEX;0;20180518;102841;2327.300000000;31649
IMOEX;0;20180518;102842;2327.330000000;7761679
IMOEX;0;20180518;102843;2327.330000000;1787419
IMOEX;0;20180518;102844;2327.290000000;227878
IMOEX;0;20180518;102845;2327.220000000;3686392
IMOEX;0;20180518;102846;2327.060000000;509557
IMOEX;0;20180518;102847;2327.100000000;4186780
IMOEX;0;20180518;102848;2327.120000000;532298
IMOEX;0;20180518;102849;2327.170000000;718949
IMOEX;0;20180518;102850;2327.180000000;2413739
IMOEX;0;20180518;102851;2327.130000000;329312
IMOEX;0;20180518;102852;2327.150000000;3458948
IMOEX;0;20180518;102853;2327.160000000;446886
IMOEX;0;20180518;102854;2327.040000000;363816
IMOEX;0;20180518;102855;2327.030000000;437272
IMOEX;0;20180518;102856;2327.150000000;293530
IMOEX;0;20180518;102857;2327.110000000;561269
IMOEX;0;20180518;102858;2327.170000000;222869
IMOEX;0;20180518;102859;2327.190000000;136802
IMOEX;0;20180518;102900;2327.260000000;740314
IMOEX;0;20180518;102901;2327.230000000;654092
IMOEX;0;20180518;102902;2327.190000000;42955
IMOEX;0;20180518;102903;2327.180000000;13572
IMOEX;0;20180518;102904;2327.180000000;2230565
IMOEX;0;20180518;102905;2327.160000000;19614
IMOEX;0;20180518;102906;2327.200000000;528704
IMOEX;0;20180518;102907;2327.200000000;807649
IMOEX;0;20180518;102908;2327.280000000;656402
IMOEX;0;20180518;102909;2327.280000000;95537
IMOEX;0;20180518;102910;2327.260000000;3633440
IMOEX;0;20180518;102911;2327.290000000;845266
IMOEX;0;20180518;102912;2327.220000000;13960
IMOEX;0;20180518;102913;2327.260000000;6705
IMOEX;0;20180518;102914;2327.320000000;1662124
IMOEX;0;20180518;102915;2327.270000000;1551579
IMOEX;0;20180518;102916;2327.240000000;777720
IMOEX;0;20180518;102917;2327.250000000;71134
IMOEX;0;20180518;102918;2327.250000000;202857
IMOEX;0;20180518;102919;2327.220000000;2275645
IMOEX;0;20180518;102920;2327.210000000;727013
IMOEX;0;20180518;102921;2327.190000000;334352
IMOEX;0;20180518;102922;2327.090000000;2537718
IMOEX;0;20180518;102923;2327.090000000;178295
IMOEX;0;20180518;102924;2327.120000000;355053
IMOEX;0;20180518;102925;2327.100000000;194566
IMOEX;0;20180518;102926;2327.100000000;2324
IMOEX;0;20180518;102927;2327.000000000;3941650
IMOEX;0;20180518;102928;2327.050000000;584069
IMOEX;0;20180518;102929;2327.110000000;236624
IMOEX;0;20180518;102930;2327.120000000;1728159
IMOEX;0;20180518;102931;2327.140000000;112000
IMOEX;0;20180518;102932;2327.110000000;482847
IMOEX;0;20180518;102933;2327.080000000;642908
IMOEX;0;20180518;102934;2326.960000000;2970165
IMOEX;0;20180518;102935;2326.970000000;313348
IMOEX;0;20180518;102936;2326.820000000;3223578
IMOEX;0;20180518;102937;2326.740000000;753228
IMOEX;0;20180518;102938;2326.820000000;78598
IMOEX;0;20180518;102939;2326.870000000;3301688
IMOEX;0;20180518;102940;2326.800000000;161554
IMOEX;0;20180518;102941;2326.690000000;2540141
IMOEX;0;20180518;102942;2326.700000000;393235
IMOEX;0;20180518;102943;2326.540000000;1640163
IMOEX;0;20180518;102944;2326.500000000;747663
IMOEX;0;20180518;102945;2326.490000000;277624
IMOEX;0;20180518;102946;2326.490000000;493839
IMOEX;0;20180518;102947;2326.490000000;7922
IMOEX;0;20180518;102948;2326.480000000;554646
IMOEX;0;20180518;102949;2326.480000000;177966
IMOEX;0;20180518;102950;2326.490000000;100422
IMOEX;0;20180518;102951;2326.490000000;300613
IMOEX;0;20180518;102952;2326.430000000;1073548
IMOEX;0;20180518;102953;2326.290000000;4131911
IMOEX;0;20180518;102954;2326.310000000;344299
IMOEX;0;20180518;102955;2326.320000000;19109
IMOEX;0;20180518;102956;2326.300000000;4878534
IMOEX;0;20180518;102957;2326.300000000;216903
IMOEX;0;20180518;102958;2326.290000000;171995
IMOEX;0;20180518;102959;2326.310000000;1040923
IMOEX;0;20180518;103000;2326.310000000;15600
IMOEX;0;20180518;103001;2326.320000000;410168
IMOEX;0;20180518;103002;2326.250000000;1642232
IMOEX;0;20180518;103003;2326.290000000;2225106
IMOEX;0;20180518;103004;2326.230000000;1231152
IMOEX;0;20180518;103005;2326.240000000;1400421
IMOEX;0;20180518;103006;2326.230000000;1200302
IMOEX;0;20180518;103007;2326.210000000;3386415
IMOEX;0;20180518;103008;2326.310000000;1045210
IMOEX;0;20180518;103009;2326.360000000;385892
IMOEX;0;20180518;103010;2326.360000000;1090660
IMOEX;0;20180518;103011;2326.430000000;5598660
IMOEX;0;20180518;103012;2326.450000000;2655525
IMOEX;0;20180518;103013;2326.460000000;532855
IMOEX;0;20180518;103014;2326.380000000;1424554
IMOEX;0;20180518;103015;2326.310000000;128528
IMOEX;0;20180518;103016;2326.300000000;44488
IMOEX;0;20180518;103017;2326.230000000;2179140
IMOEX;0;20180518;103018;2326.270000000;6215
IMOEX;0;20180518;103019;2326.370000000;206561
IMOEX;0;20180518;103020;2326.380000000;310761
IMOEX;0;20180518;103021;2326.300000000;2163509
IMOEX;0;20180518;103022;2326.270000000;1635057
IMOEX;0;20180518;103023;2326.280000000;542948
IMOEX;0;20180518;103024;2326.210000000;3623344
IMOEX;0;20180518;103025;2326.220000000;918951
IMOEX;0;20180518;103026;2326.210000000;587570
IMOEX;0;20180518;103027;2326.260000000;2576787
IMOEX;0;20180518;103028;2326.260000000;2323
IMOEX;0;20180518;103029;2326.270000000;98603
IMOEX;0;20180518;103030;2326.290000000;629714
IMOEX;0;20180518;103031;2326.300000000;21928
IMOEX;0;20180518;103032;2326.340000000;863333
IMOEX;0;20180518;103033;2326.370000000;1867119
IMOEX;0;20180518;103034;2326.340000000;2826723
IMOEX;0;20180518;103035;2326.350000000;448193
IMOEX;0;20180518;103036;2326.280000000;828532
IMOEX;0;20180518;103037;2326.240000000;1280698
IMOEX;0;20180518;103038;2326.290000000;8198
IMOEX;0;20180518;103039;2326.280000000;62293
IMOEX;0;20180518;103040;2326.280000000;117619
IMOEX;0;20180518;103041;2326.340000000;522273
IMOEX;0;20180518;103042;2326.330000000;689824
IMOEX;0;20180518;103043;2326.320000000;17980
IMOEX;0;20180518;103044;2326.300000000;3534557
IMOEX;0;20180518;103045;2326.300000000;1422500
IMOEX;0;20180518;103046;2326.410000000;1604222
IMOEX;0;20180518;103047;2326.400000000;791914
IMOEX;0;20180518;103048;2326.430000000;1173178
IMOEX;0;20180518;103049;2326.430000000;91165
IMOEX;0;20180518;103050;2326.450000000;2061515
IMOEX;0;20180518;103051;2326.460000000;307376
IMOEX;0;20180518;103052;2326.470000000;964492
IMOEX;0;20180518;103053;2326.470000000;3484
IMOEX;0;20180518;103054;2326.460000000;24490
IMOEX;0;20180518;103055;2326.470000000;333159
IMOEX;0;20180518;103056;2326.420000000;1758449
IMOEX;0;20180518;103057;2326.420000000;1432678
IMOEX;0;20180518;103058;2326.380000000;254253
IMOEX;0;20180518;103059;2326.390000000;102874
IMOEX;0;20180518;103100;2326.320000000;2298069
IMOEX;0;20180518;103101;2326.290000000;566389
IMOEX;0;20180518;103102;2326.270000000;12791846
IMOEX;0;20180518;103103;2326.280000000;1154740
IMOEX;0;20180518;103104;2326.280000000;1763354
IMOEX;0;20180518;103105;2326.300000000;477534
IMOEX;0;20180518;103106;2326.320000000;868770
IMOEX;0;20180518;103107;2326.320000000;2262311
IMOEX;0;20180518;103108;2326.300000000;2336604
IMOEX;0;20180518;103109;2326.200000000;148613
IMOEX;0;20180518;103110;2326.200000000;6921
IMOEX;0;20180518;103111;2326.200000000;6868
IMOEX;0;20180518;103112;2326.220000000;921504
IMOEX;0;20180518;103113;2326.200000000;794571
IMOEX;0;20180518;103114;2326.250000000;3979
IMOEX;0;20180518;103115;2326.070000000;1520536
IMOEX;0;20180518;103116;2325.940000000;1955847
IMOEX;0;20180518;103117;2325.990000000;3408796
IMOEX;0;20180518;103118;2326.000000000;319471
IMOEX;0;20180518;103119;2325.970000000;631868
IMOEX;0;20180518;103120;2325.970000000;116
IMOEX;0;20180518;103121;2325.970000000;1360022
IMOEX;0;20180518;103122;2325.950000000;2208847
IMOEX;0;20180518;103123;2325.960000000;1124142
IMOEX;0;20180518;103124;2325.950000000;150792
IMOEX;0;20180518;103125;2325.950000000;622161
IMOEX;0;20180518;103126;2325.980000000;3849543
IMOEX;0;20180518;103127;2325.980000000;1328512
IMOEX;0;20180518;103128;2325.920000000;1728822
IMOEX;0;20180518;103129;2325.790000000;5063388
IMOEX;0;20180518;103130;2325.860000000;1201003
IMOEX;0;20180518;103131;2325.870000000;1387307
IMOEX;0;20180518;103132;2325.900000000;3804621
IMOEX;0;20180518;103133;2325.970000000;1103943
IMOEX;0;20180518;103134;2325.980000000;174002
IMOEX;0;20180518;103135;2325.900000000;180667
IMOEX;0;20180518;103136;2325.910000000;33807
IMOEX;0;20180518;103137;2325.900000000;825688
IMOEX;0;20180518;103138;2325.900000000;1127461
IMOEX;0;20180518;103139;2326.000000000;1560000
IMOEX;0;20180518;103140;2326.090000000;152853
IMOEX;0;20180518;103141;2326.080000000;249519
IMOEX;0;20180518;103142;2326.020000000;1015025
IMOEX;0;20180518;103143;2326.000000000;1622823
IMOEX;0;20180518;103144;2325.950000000;205915
IMOEX;0;20180518;103145;2326.000000000;556944
IMOEX;0;20180518;103146;2326.090000000;1800599
IMOEX;0;20180518;103147;2326.110000000;1605705
IMOEX;0;20180518;103148;2326.190000000;37291
IMOEX;0;20180518;103149;2326.130000000;4561697
IMOEX;0;20180518;103150;2326.150000000;275643
IMOEX;0;20180518;103151;2326.140000000;473988
IMOEX;0;20180518;103152;2326.160000000;761915
IMOEX;0;20180518;103153;2326.200000000;467677
IMOEX;0;20180518;103154;2326.310000000;1353922
IMOEX;0;20180518;103155;2326.270000000;450148
IMOEX;0;20180518;103156;2326.200000000;3908274
IMOEX;0;20180518;103157;2326.210000000;1273471
IMOEX;0;20180518;103158;2326.210000000;363964
IMOEX;0;20180518;103159;2326.150000000;449930
IMOEX;0;20180518;103200;2326.050000000;8860888
IMOEX;0;20180518;103201;2326.050000000;1325765
IMOEX;0;20180518;103202;2326.020000000;1094172
IMOEX;0;20180518;103203;2325.940000000;97459
IMOEX;0;20180518;103204;2325.920000000;402780
IMOEX;0;20180518;103205;2325.910000000;223770
IMOEX;0;20180518;103206;2325.870000000;1705888
IMOEX;0;20180518;103207;2325.750000000;483230
IMOEX;0;20180518;103208;2325.750000000;463764
IMOEX;0;20180518;103209;2325.740000000;226058
IMOEX;0;20180518;103210;2325.790000000;841880
IMOEX;0;20180518;103211;2326.000000000;318725
IMOEX;0;20180518;103212;2325.810000000;1621892
IMOEX;0;20180518;103213;2325.810000000;1382535
IMOEX;0;20180518;103214;2325.840000000;193092
IMOEX;0;20180518;103215;2325.900000000;1903434
IMOEX;0;20180518;103216;2325.700000000;22985765
IMOEX;0;20180518;103217;2325.810000000;5783247
IMOEX;0;20180518;103218;2325.790000000;1924108
IMOEX;0;20180518;103219;2325.840000000;2440911
IMOEX;0;20180518;103220;2325.770000000;208269
IMOEX;0;20180518;103221;2325.840000000;231203
IMOEX;0;20180518;103222;2325.810000000;1175568
IMOEX;0;20180518;103223;2325.810000000;589167
IMOEX;0;20180518;103224;2325.730000000;2203560
IMOEX;0;20180518;103225;2325.700000000;1878842
IMOEX;0;20180518;103226;2325.590000000;527889
IMOEX;0;20180518;103227;2325.690000000;686303
IMOEX;0;20180518;103228;2325.720000000;1708536
IMOEX;0;20180518;103229;2325.750000000;765279
IMOEX;0;20180518;103230;2325.700000000;930118
IMOEX;0;20180518;103231;2325.590000000;1144447
IMOEX;0;20180518;103232;2325.510000000;3033110
IMOEX;0;20180518;103233;2325.470000000;8025630
IMOEX;0;20180518;103234;2325.460000000;5693005
IMOEX;0;20180518;103235;2325.420000000;11199739
IMOEX;0;20180518;103236;2325.380000000;18793150
IMOEX;0;20180518;103237;2325.180000000;47846740
IMOEX;0;20180518;103238;2325.160000000;10559539
IMOEX;0;20180518;103239;2325.020000000;6304884
IMOEX;0;20180518;103240;2324.950000000;18566647
IMOEX;0;20180518;103241;2324.950000000;4300860
IMOEX;0;20180518;103242;2324.850000000;16059985
IMOEX;0;20180518;103243;2324.850000000;2131053
IMOEX;0;20180518;103244;2325.010000000;3586054
IMOEX;0;20180518;103245;2325.030000000;9854749
IMOEX;0;20180518;103246;2324.920000000;2262923
IMOEX;0;20180518;103247;2324.920000000;1574658
IMOEX;0;20180518;103248;2324.900000000;9586326
IMOEX;0;20180518;103249;2324.850000000;653085
IMOEX;0;20180518;103250;2324.860000000;339448
IMOEX;0;20180518;103251;2324.920000000;3087629
IMOEX;0;20180518;103252;2324.840000000;3599947
IMOEX;0;20180518;103253;2324.400000000;4352180
IMOEX;0;20180518;103254;2324.350000000;944654
IMOEX;0;20180518;103255;2324.280000000;935861
IMOEX;0;20180518;103256;2324.330000000;203812
IMOEX;0;20180518;103257;2324.310000000;1412548
IMOEX;0;20180518;103258;2324.330000000;81380
IMOEX;0;20180518;103259;2324.280000000;1997065
IMOEX;0;20180518;103300;2324.220000000;932574
IMOEX;0;20180518;103301;2324.380000000;6536568
IMOEX;0;20180518;103302;2324.440000000;5753239
IMOEX;0;20180518;103303;2324.330000000;1312726
IMOEX;0;20180518;103304;2324.410000000;3445253
IMOEX;0;20180518;103305;2324.390000000;163373
IMOEX;0;20180518;103306;2324.290000000;4665969
IMOEX;0;20180518;103307;2324.330000000;3192446
IMOEX;0;20180518;103308;2324.410000000;1039385
IMOEX;0;20180518;103309;2324.430000000;447286
IMOEX;0;20180518;103310;2324.400000000;646730
IMOEX;0;20180518;103311;2324.390000000;3716726
IMOEX;0;20180518;103312;2324.390000000;1779392
IMOEX;0;20180518;103313;2324.350000000;399129
IMOEX;0;20180518;103314;2324.360000000;11239
IMOEX;0;20180518;103315;2324.330000000;8920747
IMOEX;0;20180518;103316;2324.580000000;1025678
IMOEX;0;20180518;103317;2324.610000000;758157
IMOEX;0;20180518;103318;2324.520000000;2366445
IMOEX;0;20180518;103319;2324.570000000;721456
IMOEX;0;20180518;103320;2324.570000000;360325
IMOEX;0;20180518;103321;2324.560000000;328897
IMOEX;0;20180518;103322;2324.540000000;742009
IMOEX;0;20180518;103323;2324.560000000;72501
IMOEX;0;20180518;103324;2324.680000000;455229
IMOEX;0;20180518;103325;2324.820000000;1154196
IMOEX;0;20180518;103326;2324.800000000;381609
IMOEX;0;20180518;103327;2324.780000000;1206579
IMOEX;0;20180518;103328;2324.920000000;641237
IMOEX;0;20180518;103329;2324.930000000;7369791
IMOEX;0;20180518;103330;2324.980000000;1666296
IMOEX;0;20180518;103331;2324.950000000;787173
IMOEX;0;20180518;103332;2324.930000000;448431
IMOEX;0;20180518;103333;2325.020000000;757000
IMOEX;0;20180518;103334;2324.880000000;221096
IMOEX;0;20180518;103335;2324.840000000;488963
IMOEX;0;20180518;103336;2324.770000000;1752300
IMOEX;0;20180518;103337;2324.730000000;194122
IMOEX;0;20180518;103338;2324.730000000;59039
IMOEX;0;20180518;103339;2324.810000000;1349706
IMOEX;0;20180518;103340;2324.790000000;10462
IMOEX;0;20180518;103341;2324.780000000;1100219
IMOEX;0;20180518;103342;2324.740000000;1839963
IMOEX;0;20180518;103343;2324.670000000;1913607
IMOEX;0;20180518;103344;2324.680000000;397689
IMOEX;0;20180518;103345;2324.660000000;1674287
IMOEX;0;20180518;103346;2324.640000000;3425668
IMOEX;0;20180518;103347;2324.640000000;409279
IMOEX;0;20180518;103348;2324.640000000;449784
IMOEX;0;20180518;103349;2324.470000000;971575
IMOEX;0;20180518;103350;2324.480000000;391156
IMOEX;0;20180518;103351;2324.580000000;847134
IMOEX;0;20180518;103352;2324.620000000;365866
IMOEX;0;20180518;103353;2324.550000000;440643
IMOEX;0;20180518;103354;2324.740000000;1322068
IMOEX;0;20180518;103355;2324.890000000;853429
IMOEX;0;20180518;103356;2324.860000000;3049657
IMOEX;0;20180518;103357;2324.780000000;1788996
IMOEX;0;20180518;103358;2324.650000000;351364
IMOEX;0;20180518;103359;2324.680000000;5347584
IMOEX;0;20180518;103400;2324.690000000;486318
IMOEX;0;20180518;103401;2324.610000000;229995
IMOEX;0;20180518;103402;2324.630000000;3478454
IMOEX;0;20180518;103403;2324.630000000;3377285
IMOEX;0;20180518;103404;2324.650000000;117035
IMOEX;0;20180518;103405;2324.640000000;212911
IMOEX;0;20180518;103406;2324.600000000;222160
IMOEX;0;20180518;103407;2324.570000000;4773549
IMOEX;0;20180518;103408;2324.570000000;692116
IMOEX;0;20180518;103409;2324.620000000;840077
IMOEX;0;20180518;103410;2324.460000000;4428224
IMOEX;0;20180518;103411;2324.160000000;1652354
IMOEX;0;20180518;103412;2324.210000000;782885
IMOEX;0;20180518;103413;2324.170000000;1321638
IMOEX;0;20180518;103414;2323.820000000;8527896
IMOEX;0;20180518;103415;2323.520000000;3523706
IMOEX;0;20180518;103416;2323.360000000;1435023
IMOEX;0;20180518;103417;2323.400000000;2587379
IMOEX;0;20180518;103418;2323.580000000;2193590
IMOEX;0;20180518;103419;2323.570000000;1120471
IMOEX;0;20180518;103420;2323.570000000;242507
IMOEX;0;20180518;103421;2323.560000000;151935
IMOEX;0;20180518;103422;2323.460000000;14087526
IMOEX;0;20180518;103423;2323.460000000;745
IMOEX;0;20180518;103424;2323.600000000;1001572
IMOEX;0;20180518;103425;2323.630000000;5974156
IMOEX;0;20180518;103426;2323.620000000;279730
IMOEX;0;20180518;103427;2323.620000000;235791
IMOEX;0;20180518;103428;2323.630000000;452223
IMOEX;0;20180518;103429;2323.720000000;970296
IMOEX;0;20180518;103430;2323.760000000;11499
IMOEX;0;20180518;103431;2323.720000000;57307
IMOEX;0;20180518;103432;2324.040000000;2637219
IMOEX;0;20180518;103433;2324.040000000;590486
IMOEX;0;20180518;103434;2324.020000000;635233
IMOEX;0;20180518;103435;2324.020000000;20281
IMOEX;0;20180518;103436;2324.050000000;161538
IMOEX;0;20180518;103437;2324.050000000;349768
IMOEX;0;20180518;103438;2324.020000000;593111
IMOEX;0;20180518;103439;2324.030000000;51648
IMOEX;0;20180518;103440;2323.980000000;2626132
IMOEX;0;20180518;103441;2323.940000000;31795
IMOEX;0;20180518;103442;2323.910000000;478074
IMOEX;0;20180518;103443;2323.900000000;457710
IMOEX;0;20180518;103444;2323.970000000;7258521
IMOEX;0;20180518;103445;2323.990000000;160593
IMOEX;0;20180518;103446;2323.990000000;7388
IMOEX;0;20180518;103447;2323.880000000;352612
IMOEX;0;20180518;103448;2323.860000000;920869
IMOEX;0;20180518;103449;2323.850000000;6053
IMOEX;0;20180518;103450;2323.860000000;17462
IMOEX;0;20180518;103451;2323.920000000;3429493
IMOEX;0;20180518;103452;2323.920000000;535750
IMOEX;0;20180518;103453;2323.950000000;878039
IMOEX;0;20180518;103454;2323.950000000;1533006
IMOEX;0;20180518;103455;2323.830000000;1990991
IMOEX;0;20180518;103456;2323.830000000;1705623
IMOEX;0;20180518;103457;2323.660000000;6649840
IMOEX;0;20180518;103458;2323.650000000;3666423
IMOEX;0;20180518;103459;2323.700000000;58471455
IMOEX;0;20180518;103500;2323.710000000;3927700
IMOEX;0;20180518;103501;2323.830000000;1082368
IMOEX;0;20180518;103502;2323.830000000;63355
IMOEX;0;20180518;103503;2323.820000000;281899
IMOEX;0;20180518;103504;2323.800000000;270592
IMOEX;0;20180518;103505;2323.790000000;367620
IMOEX;0;20180518;103506;2323.810000000;262080
IMOEX;0;20180518;103507;2323.820000000;1266023
IMOEX;0;20180518;103508;2323.880000000;2432289
IMOEX;0;20180518;103509;2324.020000000;413978
IMOEX;0;20180518;103510;2324.030000000;521396
IMOEX;0;20180518;103511;2324.040000000;179739
IMOEX;0;20180518;103512;2324.070000000;210538
IMOEX;0;20180518;103513;2324.090000000;1103485
IMOEX;0;20180518;103514;2324.080000000;639967
IMOEX;0;20180518;103515;2324.140000000;571162
IMOEX;0;20180518;103516;2324.370000000;8848703
IMOEX;0;20180518;103517;2324.340000000;53428
IMOEX;0;20180518;103518;2324.380000000;520361
IMOEX;0;20180518;103519;2324.410000000;928338
IMOEX;0;20180518;103520;2324.370000000;548790
IMOEX;0;20180518;103521;2324.390000000;1670021
IMOEX;0;20180518;103522;2324.460000000;679634
IMOEX;0;20180518;103523;2324.450000000;414037
IMOEX;0;20180518;103524;2324.450000000;102083
IMOEX;0;20180518;103525;2324.450000000;716605
IMOEX;0;20180518;103526;2324.470000000;209049
IMOEX;0;20180518;103527;2324.490000000;5866010
IMOEX;0;20180518;103528;2324.440000000;929580
IMOEX;0;20180518;103529;2324.480000000;1579680
IMOEX;0;20180518;103530;2324.440000000;301333
IMOEX;0;20180518;103531;2324.440000000;1057365
IMOEX;0;20180518;103532;2324.290000000;1005123
IMOEX;0;20180518;103533;2324.180000000;2002726
IMOEX;0;20180518;103534;2324.200000000;806177
IMOEX;0;20180518;103535;2324.170000000;2545217
IMOEX;0;20180518;103536;2324.210000000;256342
IMOEX;0;20180518;103537;2324.200000000;525234
IMOEX;0;20180518;103538;2324.200000000;624406
IMOEX;0;20180518;103539;2324.250000000;114787
IMOEX;0;20180518;103540;2324.110000000;154580
IMOEX;0;20180518;103541;2324.120000000;388985
IMOEX;0;20180518;103542;2324.100000000;28785
IMOEX;0;20180518;103543;2324.060000000;224785
IMOEX;0;20180518;103544;2324.060000000;114488
IMOEX;0;20180518;103545;2324.100000000;844057
IMOEX;0;20180518;103546;2324.120000000;1717302
IMOEX;0;20180518;103547;2324.110000000;126919
IMOEX;0;20180518;103548;2324.100000000;37073
IMOEX;0;20180518;103549;2324.010000000;621516
IMOEX;0;20180518;103550;2324.080000000;545651
IMOEX;0;20180518;103551;2323.980000000;194499
IMOEX;0;20180518;103552;2324.100000000;8140680
IMOEX;0;20180518;103553;2324.090000000;356335
IMOEX;0;20180518;103554;2324.090000000;1207846
IMOEX;0;20180518;103555;2324.150000000;93847
IMOEX;0;20180518;103556;2324.200000000;1489808
