<TICKER>;<PER>;<DATE>;<TIME>;<LAST>;<VOL>
USD000UTSTOM;0;20180518;100000;62.140000000;3000
USD000UTSTOM;0;20180518;100000;62.187500000;1000
USD000UTSTOM;0;20180518;100001;62.180000000;1000
USD000UTSTOM;0;20180518;100001;62.187500000;7000
USD000UTSTOM;0;20180518;100001;62.197500000;12000
USD000UTSTOM;0;20180518;100002;62.147500000;14000
USD000UTSTOM;0;20180518;100002;62.147500000;36000
USD000UTSTOM;0;20180518;100002;62.142500000;50000
USD000UTSTOM;0;20180518;100010;62.170000000;50000
USD000UTSTOM;0;20180518;100012;62.152500000;43000
USD000UTSTOM;0;20180518;100014;62.152500000;35000
USD000UTSTOM;0;20180518;100014;62.147500000;35000
USD000UTSTOM;0;20180518;100019;62.150000000;50000
USD000UTSTOM;0;20180518;100019;62.150000000;50000
USD000UTSTOM;0;20180518;100019;62.150000000;50000
USD000UTSTOM;0;20180518;100019;62.147500000;50000
USD000UTSTOM;0;20180518;100022;62.155000000;104000
USD000UTSTOM;0;20180518;100022;62.155000000;39000
USD000UTSTOM;0;20180518;100022;62.155000000;27000
USD000UTSTOM;0;20180518;100023;62.160000000;30000
USD000UTSTOM;0;20180518;100023;62.165000000;63000
USD000UTSTOM;0;20180518;100023;62.167500000;7000
USD000UTSTOM;0;20180518;100023;62.150000000;10000
USD000UTSTOM;0;20180518;100023;62.147500000;100000
USD000UTSTOM;0;20180518;100024;62.155000000;30000
USD000UTSTOM;0;20180518;100025;62.155000000;70000
USD000UTSTOM;0;20180518;100025;62.160000000;30000
USD000UTSTOM;0;20180518;100025;62.160000000;350000
USD000UTSTOM;0;20180518;100025;62.140000000;33000
USD000UTSTOM;0;20180518;100025;62.140000000;24000
USD000UTSTOM;0;20180518;100025;62.140000000;43000
USD000UTSTOM;0;20180518;100025;62.137500000;68000
USD000UTSTOM;0;20180518;100025;62.132500000;100000
USD000UTSTOM;0;20180518;100025;62.130000000;50000
USD000UTSTOM;0;20180518;100026;62.130000000;50000
USD000UTSTOM;0;20180518;100027;62.125000000;3000
USD000UTSTOM;0;20180518;100027;62.122500000;47000
USD000UTSTOM;0;20180518;100028;62.122500000;2000
USD000UTSTOM;0;20180518;100030;62.147500000;80000
USD000UTSTOM;0;20180518;100031;62.140000000;2000
USD000UTSTOM;0;20180518;100031;62.140000000;4000
USD000UTSTOM;0;20180518;100031;62.140000000;35000
USD000UTSTOM;0;20180518;100031;62.140000000;5000
USD000UTSTOM;0;20180518;100032;62.122500000;31000
USD000UTSTOM;0;20180518;100033;62.137500000;1000
USD000UTSTOM;0;20180518;100037;62.130000000;10000
USD000UTSTOM;0;20180518;100037;62.130000000;65000
USD000UTSTOM;0;20180518;100037;62.135000000;15000
USD000UTSTOM;0;20180518;100037;62.137500000;122000
USD000UTSTOM;0;20180518;100037;62.137500000;77000
USD000UTSTOM;0;20180518;100037;62.140000000;171000
USD000UTSTOM;0;20180518;100037;62.125000000;56000
USD000UTSTOM;0;20180518;100037;62.122500000;10000
USD000UTSTOM;0;20180518;100037;62.122500000;447000
USD000UTSTOM;0;20180518;100037;62.122500000;360000
USD000UTSTOM;0;20180518;100038;62.122500000;50000
USD000UTSTOM;0;20180518;100038;62.122500000;500000
USD000UTSTOM;0;20180518;100038;62.122500000;100000
USD000UTSTOM;0;20180518;100038;62.122500000;50000
USD000UTSTOM;0;20180518;100039;62.122500000;50000
USD000UTSTOM;0;20180518;100039;62.122500000;27000
USD000UTSTOM;0;20180518;100040;62.122500000;168000
USD000UTSTOM;0;20180518;100040;62.125000000;200000
USD000UTSTOM;0;20180518;100040;62.127500000;21000
USD000UTSTOM;0;20180518;100041;62.122500000;50000
USD000UTSTOM;0;20180518;100041;62.122500000;8000
USD000UTSTOM;0;20180518;100041;62.120000000;42000
USD000UTSTOM;0;20180518;100041;62.120000000;50000
USD000UTSTOM;0;20180518;100041;62.122500000;44000
USD000UTSTOM;0;20180518;100041;62.122500000;200000
USD000UTSTOM;0;20180518;100041;62.122500000;45000
USD000UTSTOM;0;20180518;100041;62.125000000;50000
USD000UTSTOM;0;20180518;100041;62.125000000;28000
USD000UTSTOM;0;20180518;100041;62.125000000;164000
USD000UTSTOM;0;20180518;100041;62.125000000;50000
USD000UTSTOM;0;20180518;100042;62.125000000;50000
USD000UTSTOM;0;20180518;100042;62.127500000;23000
USD000UTSTOM;0;20180518;100043;62.127500000;177000
USD000UTSTOM;0;20180518;100043;62.130000000;23000
USD000UTSTOM;0;20180518;100043;62.130000000;50000
USD000UTSTOM;0;20180518;100044;62.125000000;1000000
USD000UTSTOM;0;20180518;100044;62.125000000;200000
USD000UTSTOM;0;20180518;100044;62.125000000;169000
USD000UTSTOM;0;20180518;100044;62.120000000;408000
USD000UTSTOM;0;20180518;100044;62.120000000;8000
USD000UTSTOM;0;20180518;100044;62.120000000;239000
USD000UTSTOM;0;20180518;100044;62.105000000;80000
USD000UTSTOM;0;20180518;100045;62.102500000;50000
USD000UTSTOM;0;20180518;100045;62.100000000;50000
USD000UTSTOM;0;20180518;100046;62.100000000;1000
USD000UTSTOM;0;20180518;100048;62.110000000;30000
USD000UTSTOM;0;20180518;100049;62.110000000;15000
USD000UTSTOM;0;20180518;100049;62.105000000;50000
USD000UTSTOM;0;20180518;100049;62.107500000;50000
USD000UTSTOM;0;20180518;100049;62.102500000;10000
USD000UTSTOM;0;20180518;100050;62.112500000;200000
USD000UTSTOM;0;20180518;100050;62.115000000;103000
USD000UTSTOM;0;20180518;100050;62.112500000;50000
USD000UTSTOM;0;20180518;100050;62.115000000;97000
USD000UTSTOM;0;20180518;100052;62.112500000;1000
USD000UTSTOM;0;20180518;100056;62.107500000;18000
USD000UTSTOM;0;20180518;100056;62.107500000;1000
USD000UTSTOM;0;20180518;100056;62.107500000;50000
USD000UTSTOM;0;20180518;100057;62.102500000;20000
USD000UTSTOM;0;20180518;100057;62.107500000;1000
USD000UTSTOM;0;20180518;100057;62.107500000;42000
USD000UTSTOM;0;20180518;100058;62.102500000;15000
USD000UTSTOM;0;20180518;100058;62.100000000;1000
USD000UTSTOM;0;20180518;100058;62.092500000;6000
USD000UTSTOM;0;20180518;100058;62.105000000;99000
USD000UTSTOM;0;20180518;100058;62.107500000;51000
USD000UTSTOM;0;20180518;100058;62.107500000;37000
USD000UTSTOM;0;20180518;100059;62.110000000;50000
USD000UTSTOM;0;20180518;100059;62.110000000;200000
USD000UTSTOM;0;20180518;100059;62.110000000;50000
USD000UTSTOM;0;20180518;100059;62.107500000;100000
USD000UTSTOM;0;20180518;100059;62.110000000;25000
USD000UTSTOM;0;20180518;100100;62.107500000;12000
USD000UTSTOM;0;20180518;100101;62.107500000;50000
USD000UTSTOM;0;20180518;100101;62.107500000;50000
USD000UTSTOM;0;20180518;100101;62.107500000;50000
USD000UTSTOM;0;20180518;100101;62.107500000;50000
USD000UTSTOM;0;20180518;100101;62.107500000;200000
USD000UTSTOM;0;20180518;100102;62.107500000;50000
USD000UTSTOM;0;20180518;100102;62.107500000;1000
USD000UTSTOM;0;20180518;100103;62.100000000;91000
USD000UTSTOM;0;20180518;100103;62.097500000;200000
USD000UTSTOM;0;20180518;100103;62.100000000;409000
USD000UTSTOM;0;20180518;100103;62.102500000;50000
USD000UTSTOM;0;20180518;100103;62.102500000;50000
USD000UTSTOM;0;20180518;100103;62.105000000;50000
USD000UTSTOM;0;20180518;100103;62.107500000;200000
USD000UTSTOM;0;20180518;100103;62.107500000;50000
USD000UTSTOM;0;20180518;100103;62.107500000;5000
USD000UTSTOM;0;20180518;100103;62.110000000;175000
USD000UTSTOM;0;20180518;100103;62.110000000;11000
USD000UTSTOM;0;20180518;100103;62.100000000;50000
USD000UTSTOM;0;20180518;100107;62.087500000;50000
USD000UTSTOM;0;20180518;100108;62.097500000;50000
USD000UTSTOM;0;20180518;100109;62.097500000;25000
USD000UTSTOM;0;20180518;100110;62.097500000;125000
USD000UTSTOM;0;20180518;100110;62.097500000;100000
USD000UTSTOM;0;20180518;100110;62.097500000;275000
USD000UTSTOM;0;20180518;100110;62.090000000;100000
USD000UTSTOM;0;20180518;100110;62.090000000;53000
USD000UTSTOM;0;20180518;100111;62.092500000;25000
USD000UTSTOM;0;20180518;100111;62.097500000;25000
USD000UTSTOM;0;20180518;100115;62.097500000;175000
USD000UTSTOM;0;20180518;100115;62.100000000;50000
USD000UTSTOM;0;20180518;100115;62.100000000;150000
USD000UTSTOM;0;20180518;100115;62.100000000;30000
USD000UTSTOM;0;20180518;100115;62.100000000;470000
USD000UTSTOM;0;20180518;100115;62.100000000;10000
USD000UTSTOM;0;20180518;100115;62.100000000;1000000
USD000UTSTOM;0;20180518;100115;62.100000000;50000
USD000UTSTOM;0;20180518;100115;62.100000000;155000
USD000UTSTOM;0;20180518;100116;62.085000000;19000
USD000UTSTOM;0;20180518;100116;62.100000000;100000
USD000UTSTOM;0;20180518;100116;62.100000000;100000
USD000UTSTOM;0;20180518;100116;62.100000000;50000
USD000UTSTOM;0;20180518;100117;62.085000000;8000
USD000UTSTOM;0;20180518;100117;62.082500000;25000
USD000UTSTOM;0;20180518;100117;62.082500000;50000
USD000UTSTOM;0;20180518;100117;62.082500000;86000
USD000UTSTOM;0;20180518;100117;62.082500000;169000
USD000UTSTOM;0;20180518;100117;62.080000000;500000
USD000UTSTOM;0;20180518;100118;62.070000000;5000
USD000UTSTOM;0;20180518;100118;62.070000000;44000
USD000UTSTOM;0;20180518;100118;62.070000000;1000
USD000UTSTOM;0;20180518;100118;62.070000000;50000
USD000UTSTOM;0;20180518;100119;62.080000000;1000
USD000UTSTOM;0;20180518;100119;62.080000000;999000
USD000UTSTOM;0;20180518;100120;62.077500000;50000
USD000UTSTOM;0;20180518;100120;62.077500000;50000
USD000UTSTOM;0;20180518;100120;62.077500000;8000
USD000UTSTOM;0;20180518;100124;62.077500000;42000
USD000UTSTOM;0;20180518;100124;62.080000000;86000
USD000UTSTOM;0;20180518;100124;62.077500000;7000
USD000UTSTOM;0;20180518;100125;62.077500000;45000
USD000UTSTOM;0;20180518;100125;62.090000000;50000
USD000UTSTOM;0;20180518;100129;62.090000000;50000
USD000UTSTOM;0;20180518;100129;62.090000000;200000
USD000UTSTOM;0;20180518;100130;62.090000000;1000
USD000UTSTOM;0;20180518;100131;62.080000000;13000
USD000UTSTOM;0;20180518;100132;62.090000000;1119000
USD000UTSTOM;0;20180518;100132;62.090000000;57000
USD000UTSTOM;0;20180518;100133;62.090000000;50000
USD000UTSTOM;0;20180518;100134;62.090000000;93000
USD000UTSTOM;0;20180518;100134;62.085000000;32000
USD000UTSTOM;0;20180518;100134;62.085000000;2000
USD000UTSTOM;0;20180518;100134;62.090000000;20000
USD000UTSTOM;0;20180518;100134;62.082500000;4000
USD000UTSTOM;0;20180518;100134;62.090000000;10000
USD000UTSTOM;0;20180518;100136;62.090000000;100000
USD000UTSTOM;0;20180518;100137;62.082500000;10000
USD000UTSTOM;0;20180518;100139;62.090000000;227000
USD000UTSTOM;0;20180518;100139;62.090000000;76000
USD000UTSTOM;0;20180518;100139;62.090000000;24000
USD000UTSTOM;0;20180518;100139;62.092500000;10000
USD000UTSTOM;0;20180518;100139;62.092500000;30000
USD000UTSTOM;0;20180518;100140;62.092500000;50000
USD000UTSTOM;0;20180518;100140;62.097500000;44000
USD000UTSTOM;0;20180518;100140;62.097500000;42000
USD000UTSTOM;0;20180518;100140;62.092500000;50000
USD000UTSTOM;0;20180518;100142;62.095000000;4000
USD000UTSTOM;0;20180518;100145;62.092500000;54000
USD000UTSTOM;0;20180518;100145;62.082500000;96000
USD000UTSTOM;0;20180518;100145;62.080000000;217000
USD000UTSTOM;0;20180518;100149;62.092500000;5000
USD000UTSTOM;0;20180518;100149;62.090000000;7000
USD000UTSTOM;0;20180518;100149;62.090000000;4000
USD000UTSTOM;0;20180518;100149;62.090000000;4000
USD000UTSTOM;0;20180518;100149;62.090000000;4000
USD000UTSTOM;0;20180518;100149;62.090000000;2000
USD000UTSTOM;0;20180518;100150;62.090000000;3000
USD000UTSTOM;0;20180518;100150;62.090000000;11000
USD000UTSTOM;0;20180518;100151;62.082500000;50000
USD000UTSTOM;0;20180518;100151;62.082500000;1000
USD000UTSTOM;0;20180518;100151;62.080000000;146000
USD000UTSTOM;0;20180518;100151;62.077500000;326000
USD000UTSTOM;0;20180518;100151;62.077500000;1000
USD000UTSTOM;0;20180518;100151;62.075000000;571000
USD000UTSTOM;0;20180518;100151;62.075000000;580000
USD000UTSTOM;0;20180518;100151;62.075000000;100000
USD000UTSTOM;0;20180518;100151;62.075000000;25000
USD000UTSTOM;0;20180518;100153;62.070000000;50000
USD000UTSTOM;0;20180518;100153;62.075000000;200000
USD000UTSTOM;0;20180518;100153;62.072500000;100000
USD000UTSTOM;0;20180518;100155;62.075000000;5000
USD000UTSTOM;0;20180518;100156;62.065000000;20000
USD000UTSTOM;0;20180518;100157;62.070000000;10000
USD000UTSTOM;0;20180518;100158;62.067500000;50000
USD000UTSTOM;0;20180518;100159;62.062500000;10000
USD000UTSTOM;0;20180518;100159;62.060000000;490000
USD000UTSTOM;0;20180518;100159;62.060000000;135000
USD000UTSTOM;0;20180518;100159;62.060000000;75000
USD000UTSTOM;0;20180518;100159;62.060000000;10000
USD000UTSTOM;0;20180518;100159;62.060000000;181000
USD000UTSTOM;0;20180518;100200;62.057500000;25000
USD000UTSTOM;0;20180518;100200;62.057500000;7000
USD000UTSTOM;0;20180518;100201;62.050000000;50000
USD000UTSTOM;0;20180518;100202;62.052500000;23000
USD000UTSTOM;0;20180518;100202;62.045000000;44000
USD000UTSTOM;0;20180518;100202;62.040000000;6000
USD000UTSTOM;0;20180518;100203;62.050000000;50000
USD000UTSTOM;0;20180518;100203;62.052500000;50000
USD000UTSTOM;0;20180518;100203;62.055000000;50000
USD000UTSTOM;0;20180518;100203;62.057500000;43000
USD000UTSTOM;0;20180518;100203;62.057500000;50000
USD000UTSTOM;0;20180518;100203;62.057500000;100000
USD000UTSTOM;0;20180518;100203;62.057500000;257000
USD000UTSTOM;0;20180518;100204;62.045000000;5000
USD000UTSTOM;0;20180518;100206;62.047500000;50000
USD000UTSTOM;0;20180518;100206;62.047500000;50000
USD000UTSTOM;0;20180518;100206;62.047500000;50000
USD000UTSTOM;0;20180518;100206;62.047500000;50000
USD000UTSTOM;0;20180518;100206;62.047500000;50000
USD000UTSTOM;0;20180518;100206;62.047500000;450000
USD000UTSTOM;0;20180518;100207;62.050000000;500000
USD000UTSTOM;0;20180518;100207;62.057500000;1000
USD000UTSTOM;0;20180518;100207;62.057500000;2000
USD000UTSTOM;0;20180518;100207;62.057500000;22000
USD000UTSTOM;0;20180518;100208;62.057500000;15000
USD000UTSTOM;0;20180518;100209;62.057500000;44000
USD000UTSTOM;0;20180518;100209;62.057500000;13000
USD000UTSTOM;0;20180518;100209;62.055000000;178000
USD000UTSTOM;0;20180518;100211;62.052500000;10000
USD000UTSTOM;0;20180518;100212;62.040000000;200000
USD000UTSTOM;0;20180518;100212;62.050000000;2000
USD000UTSTOM;0;20180518;100212;62.052500000;23000
USD000UTSTOM;0;20180518;100216;62.040000000;3000
USD000UTSTOM;0;20180518;100218;62.052500000;1000
USD000UTSTOM;0;20180518;100220;62.050000000;250000
USD000UTSTOM;0;20180518;100220;62.042500000;60000
USD000UTSTOM;0;20180518;100220;62.040000000;291000
USD000UTSTOM;0;20180518;100220;62.040000000;15000
USD000UTSTOM;0;20180518;100220;62.040000000;1000
USD000UTSTOM;0;20180518;100220;62.040000000;178000
USD000UTSTOM;0;20180518;100220;62.040000000;445000
USD000UTSTOM;0;20180518;100221;62.047500000;5000
USD000UTSTOM;0;20180518;100221;62.040000000;6000
USD000UTSTOM;0;20180518;100222;62.030000000;15000
USD000UTSTOM;0;20180518;100223;62.040000000;25000
USD000UTSTOM;0;20180518;100226;62.030000000;300000
USD000UTSTOM;0;20180518;100226;62.030000000;50000
USD000UTSTOM;0;20180518;100226;62.030000000;50000
USD000UTSTOM;0;20180518;100226;62.030000000;50000
USD000UTSTOM;0;20180518;100226;62.027500000;2000
USD000UTSTOM;0;20180518;100226;62.027500000;53000
USD000UTSTOM;0;20180518;100226;62.027500000;50000
USD000UTSTOM;0;20180518;100226;62.027500000;13000
USD000UTSTOM;0;20180518;100226;62.025000000;50000
USD000UTSTOM;0;20180518;100226;62.025000000;200000
USD000UTSTOM;0;20180518;100226;62.025000000;50000
USD000UTSTOM;0;20180518;100226;62.025000000;303000
USD000UTSTOM;0;20180518;100226;62.022500000;300000
USD000UTSTOM;0;20180518;100226;62.022500000;100000
USD000UTSTOM;0;20180518;100226;62.020000000;5000
USD000UTSTOM;0;20180518;100226;62.020000000;25000
USD000UTSTOM;0;20180518;100226;62.020000000;5000
USD000UTSTOM;0;20180518;100226;62.020000000;8000
USD000UTSTOM;0;20180518;100226;62.020000000;1346000
USD000UTSTOM;0;20180518;100226;62.020000000;711000
USD000UTSTOM;0;20180518;100226;62.020000000;850000
USD000UTSTOM;0;20180518;100226;62.020000000;100000
USD000UTSTOM;0;20180518;100226;62.020000000;198000
USD000UTSTOM;0;20180518;100226;62.017500000;100000
USD000UTSTOM;0;20180518;100226;62.017500000;39000
USD000UTSTOM;0;20180518;100226;62.017500000;117000
USD000UTSTOM;0;20180518;100226;62.017500000;82000
USD000UTSTOM;0;20180518;100226;62.027500000;8000
USD000UTSTOM;0;20180518;100226;62.020000000;233000
USD000UTSTOM;0;20180518;100226;62.020000000;5000
USD000UTSTOM;0;20180518;100226;62.020000000;50000
USD000UTSTOM;0;20180518;100226;62.020000000;50000
USD000UTSTOM;0;20180518;100226;62.020000000;10000
USD000UTSTOM;0;20180518;100230;62.022500000;144000
USD000UTSTOM;0;20180518;100230;62.025000000;50000
USD000UTSTOM;0;20180518;100230;62.027500000;56000
USD000UTSTOM;0;20180518;100230;62.017500000;50000
USD000UTSTOM;0;20180518;100230;62.017500000;56000
USD000UTSTOM;0;20180518;100230;62.015000000;10000
USD000UTSTOM;0;20180518;100230;62.015000000;250000
USD000UTSTOM;0;20180518;100230;62.012500000;8000
USD000UTSTOM;0;20180518;100230;62.012500000;65000
USD000UTSTOM;0;20180518;100230;62.010000000;50000
USD000UTSTOM;0;20180518;100230;62.010000000;117000
USD000UTSTOM;0;20180518;100233;62.015000000;50000
USD000UTSTOM;0;20180518;100233;62.015000000;10000
USD000UTSTOM;0;20180518;100233;62.012500000;70000
USD000UTSTOM;0;20180518;100233;62.010000000;683000
USD000UTSTOM;0;20180518;100233;62.007500000;4000
USD000UTSTOM;0;20180518;100234;62.010000000;2000
USD000UTSTOM;0;20180518;100235;62.010000000;50000
USD000UTSTOM;0;20180518;100235;62.002500000;2000
USD000UTSTOM;0;20180518;100235;62.002500000;8000
USD000UTSTOM;0;20180518;100235;62.000000000;20000
USD000UTSTOM;0;20180518;100235;62.000000000;2000
USD000UTSTOM;0;20180518;100235;62.000000000;50000
USD000UTSTOM;0;20180518;100235;62.000000000;1000
USD000UTSTOM;0;20180518;100235;62.000000000;50000
USD000UTSTOM;0;20180518;100235;62.000000000;50000
USD000UTSTOM;0;20180518;100235;62.000000000;319000
USD000UTSTOM;0;20180518;100236;62.000000000;50000
USD000UTSTOM;0;20180518;100236;61.997500000;50000
USD000UTSTOM;0;20180518;100236;61.997500000;50000
USD000UTSTOM;0;20180518;100237;62.007500000;20000
USD000UTSTOM;0;20180518;100238;62.000000000;300000
USD000UTSTOM;0;20180518;100238;62.010000000;42000
USD000UTSTOM;0;20180518;100238;62.010000000;34000
USD000UTSTOM;0;20180518;100240;62.002500000;78000
USD000UTSTOM;0;20180518;100240;62.002500000;50000
USD000UTSTOM;0;20180518;100240;62.002500000;200000
USD000UTSTOM;0;20180518;100240;62.000000000;172000
USD000UTSTOM;0;20180518;100240;62.010000000;10000
USD000UTSTOM;0;20180518;100242;62.000000000;10000
USD000UTSTOM;0;20180518;100242;62.002500000;50000
USD000UTSTOM;0;20180518;100242;62.002500000;200000
USD000UTSTOM;0;20180518;100242;61.997500000;10000
USD000UTSTOM;0;20180518;100243;62.005000000;50000
USD000UTSTOM;0;20180518;100243;62.005000000;150000
USD000UTSTOM;0;20180518;100244;62.005000000;3000
USD000UTSTOM;0;20180518;100244;62.010000000;297000
USD000UTSTOM;0;20180518;100244;62.000000000;45000
USD000UTSTOM;0;20180518;100245;62.010000000;250000
USD000UTSTOM;0;20180518;100247;62.002500000;15000
USD000UTSTOM;0;20180518;100247;61.997500000;100000
USD000UTSTOM;0;20180518;100247;61.995000000;100000
USD000UTSTOM;0;20180518;100247;61.992500000;49000
USD000UTSTOM;0;20180518;100251;62.002500000;1000000
USD000UTSTOM;0;20180518;100251;62.007500000;50000
USD000UTSTOM;0;20180518;100251;62.007500000;50000
USD000UTSTOM;0;20180518;100253;62.002500000;20000
USD000UTSTOM;0;20180518;100253;61.995000000;15000
USD000UTSTOM;0;20180518;100256;61.995000000;14000
USD000UTSTOM;0;20180518;100256;61.990000000;100000
USD000UTSTOM;0;20180518;100257;61.995000000;5000
USD000UTSTOM;0;20180518;100257;61.990000000;8000
USD000UTSTOM;0;20180518;100257;61.990000000;100000
USD000UTSTOM;0;20180518;100258;61.990000000;100000
USD000UTSTOM;0;20180518;100258;61.990000000;100000
USD000UTSTOM;0;20180518;100258;61.990000000;50000
USD000UTSTOM;0;20180518;100258;61.990000000;42000
USD000UTSTOM;0;20180518;100258;61.990000000;5000
USD000UTSTOM;0;20180518;100258;61.990000000;153000
USD000UTSTOM;0;20180518;100258;61.990000000;100000
USD000UTSTOM;0;20180518;100258;61.990000000;50000
USD000UTSTOM;0;20180518;100258;61.990000000;119000
USD000UTSTOM;0;20180518;100258;61.990000000;78000
USD000UTSTOM;0;20180518;100258;61.987500000;10000
USD000UTSTOM;0;20180518;100258;61.972500000;31000
USD000UTSTOM;0;20180518;100258;61.970000000;5000
USD000UTSTOM;0;20180518;100301;61.980000000;50000
USD000UTSTOM;0;20180518;100303;61.977500000;2000
USD000UTSTOM;0;20180518;100303;61.972500000;7000
USD000UTSTOM;0;20180518;100303;61.970000000;45000
USD000UTSTOM;0;20180518;100303;61.970000000;50000
USD000UTSTOM;0;20180518;100303;61.970000000;101000
USD000UTSTOM;0;20180518;100303;61.972500000;10000
USD000UTSTOM;0;20180518;100305;61.990000000;3000
USD000UTSTOM;0;20180518;100305;61.992500000;7000
USD000UTSTOM;0;20180518;100305;61.992500000;50000
USD000UTSTOM;0;20180518;100305;61.995000000;93000
USD000UTSTOM;0;20180518;100305;61.995000000;25000
USD000UTSTOM;0;20180518;100305;61.997500000;50000
USD000UTSTOM;0;20180518;100305;61.997500000;32000
USD000UTSTOM;0;20180518;100306;61.980000000;200000
USD000UTSTOM;0;20180518;100306;61.980000000;1000
USD000UTSTOM;0;20180518;100308;61.985000000;100000
USD000UTSTOM;0;20180518;100308;61.992500000;50000
USD000UTSTOM;0;20180518;100309;61.980000000;51000
USD000UTSTOM;0;20180518;100309;61.975000000;19000
USD000UTSTOM;0;20180518;100310;61.987500000;50000
USD000UTSTOM;0;20180518;100311;61.985000000;2000
USD000UTSTOM;0;20180518;100312;61.995000000;12000
USD000UTSTOM;0;20180518;100314;61.995000000;50000
USD000UTSTOM;0;20180518;100314;61.997500000;20000
USD000UTSTOM;0;20180518;100314;61.997500000;50000
USD000UTSTOM;0;20180518;100314;61.997500000;30000
USD000UTSTOM;0;20180518;100314;61.997500000;20000
USD000UTSTOM;0;20180518;100315;61.997500000;1000
USD000UTSTOM;0;20180518;100316;61.997500000;5000
USD000UTSTOM;0;20180518;100317;61.995000000;500000
USD000UTSTOM;0;20180518;100317;61.997500000;500000
USD000UTSTOM;0;20180518;100317;61.995000000;500000
USD000UTSTOM;0;20180518;100317;61.985000000;3000
USD000UTSTOM;0;20180518;100318;61.997500000;50000
USD000UTSTOM;0;20180518;100318;61.997500000;18000
USD000UTSTOM;0;20180518;100320;61.997500000;50000
USD000UTSTOM;0;20180518;100320;61.997500000;175000
USD000UTSTOM;0;20180518;100320;61.997500000;375000
USD000UTSTOM;0;20180518;100322;61.982500000;1000
USD000UTSTOM;0;20180518;100324;61.987500000;1000
USD000UTSTOM;0;20180518;100325;62.000000000;25000
USD000UTSTOM;0;20180518;100325;62.000000000;1000
USD000UTSTOM;0;20180518;100326;62.000000000;50000
USD000UTSTOM;0;20180518;100326;61.990000000;50000
USD000UTSTOM;0;20180518;100326;61.987500000;200000
USD000UTSTOM;0;20180518;100326;61.985000000;50000
USD000UTSTOM;0;20180518;100326;61.985000000;50000
USD000UTSTOM;0;20180518;100326;61.985000000;200000
USD000UTSTOM;0;20180518;100326;61.982500000;4000
USD000UTSTOM;0;20180518;100326;61.982500000;50000
USD000UTSTOM;0;20180518;100326;61.982500000;199000
USD000UTSTOM;0;20180518;100326;61.982500000;197000
USD000UTSTOM;0;20180518;100328;61.990000000;12000
USD000UTSTOM;0;20180518;100329;61.980000000;50000
USD000UTSTOM;0;20180518;100329;61.980000000;100000
USD000UTSTOM;0;20180518;100329;61.980000000;50000
USD000UTSTOM;0;20180518;100329;61.980000000;70000
USD000UTSTOM;0;20180518;100329;61.977500000;5000
USD000UTSTOM;0;20180518;100329;61.977500000;50000
USD000UTSTOM;0;20180518;100329;61.975000000;50000
USD000UTSTOM;0;20180518;100329;61.972500000;48000
USD000UTSTOM;0;20180518;100329;61.972500000;50000
USD000UTSTOM;0;20180518;100329;61.972500000;152000
USD000UTSTOM;0;20180518;100329;61.972500000;50000
USD000UTSTOM;0;20180518;100329;61.970000000;50000
USD000UTSTOM;0;20180518;100330;61.977500000;10000
USD000UTSTOM;0;20180518;100331;61.977500000;40000
USD000UTSTOM;0;20180518;100331;61.977500000;10000
USD000UTSTOM;0;20180518;100331;61.977500000;50000
USD000UTSTOM;0;20180518;100332;61.975000000;50000
USD000UTSTOM;0;20180518;100333;61.972500000;50000
USD000UTSTOM;0;20180518;100334;61.965000000;18000
USD000UTSTOM;0;20180518;100334;61.965000000;50000
USD000UTSTOM;0;20180518;100334;61.965000000;6000
USD000UTSTOM;0;20180518;100335;61.962500000;10000
USD000UTSTOM;0;20180518;100335;61.965000000;50000
USD000UTSTOM;0;20180518;100335;61.965000000;12000
USD000UTSTOM;0;20180518;100336;61.977500000;200000
USD000UTSTOM;0;20180518;100336;61.972500000;50000
USD000UTSTOM;0;20180518;100336;61.972500000;200000
USD000UTSTOM;0;20180518;100337;61.980000000;10000
USD000UTSTOM;0;20180518;100339;61.990000000;30000
USD000UTSTOM;0;20180518;100340;61.990000000;20000
USD000UTSTOM;0;20180518;100340;61.990000000;900000
USD000UTSTOM;0;20180518;100340;61.990000000;119000
USD000UTSTOM;0;20180518;100340;61.990000000;20000
USD000UTSTOM;0;20180518;100340;61.990000000;30000
USD000UTSTOM;0;20180518;100341;61.992500000;20000
USD000UTSTOM;0;20180518;100342;61.987500000;54000
USD000UTSTOM;0;20180518;100344;61.990000000;30000
USD000UTSTOM;0;20180518;100346;61.992500000;50000
USD000UTSTOM;0;20180518;100346;61.995000000;55000
USD000UTSTOM;0;20180518;100349;61.995000000;25000
USD000UTSTOM;0;20180518;100350;61.997500000;596000
USD000UTSTOM;0;20180518;100350;61.997500000;200000
USD000UTSTOM;0;20180518;100350;61.997500000;204000
USD000UTSTOM;0;20180518;100350;61.997500000;50000
USD000UTSTOM;0;20180518;100350;61.997500000;558000
USD000UTSTOM;0;20180518;100352;62.000000000;56000
USD000UTSTOM;0;20180518;100352;61.997500000;278000
USD000UTSTOM;0;20180518;100354;62.000000000;1000
USD000UTSTOM;0;20180518;100356;61.997500000;88000
USD000UTSTOM;0;20180518;100356;61.997500000;26000
USD000UTSTOM;0;20180518;100357;61.997500000;24000
USD000UTSTOM;0;20180518;100357;61.997500000;26000
USD000UTSTOM;0;20180518;100358;61.992500000;50000
USD000UTSTOM;0;20180518;100358;61.992500000;117000
USD000UTSTOM;0;20180518;100359;61.992500000;50000
USD000UTSTOM;0;20180518;100359;61.992500000;50000
USD000UTSTOM;0;20180518;100359;61.992500000;27000
USD000UTSTOM;0;20180518;100401;61.992500000;50000
USD000UTSTOM;0;20180518;100402;61.990000000;1000
USD000UTSTOM;0;20180518;100402;61.990000000;6000
USD000UTSTOM;0;20180518;100402;61.990000000;30000
USD000UTSTOM;0;20180518;100405;61.997500000;16000
USD000UTSTOM;0;20180518;100407;61.990000000;2000
USD000UTSTOM;0;20180518;100410;61.990000000;10000
USD000UTSTOM;0;20180518;100411;61.992500000;50000
USD000UTSTOM;0;20180518;100411;61.992500000;1000
USD000UTSTOM;0;20180518;100412;61.990000000;10000
USD000UTSTOM;0;20180518;100415;61.990000000;50000
USD000UTSTOM;0;20180518;100418;61.990000000;5000
USD000UTSTOM;0;20180518;100419;61.990000000;25000
USD000UTSTOM;0;20180518;100420;61.990000000;39000
USD000UTSTOM;0;20180518;100420;61.990000000;1822000
USD000UTSTOM;0;20180518;100420;61.990000000;2000
USD000UTSTOM;0;20180518;100423;61.980000000;25000
USD000UTSTOM;0;20180518;100426;61.987500000;1000
USD000UTSTOM;0;20180518;100426;61.987500000;1000
USD000UTSTOM;0;20180518;100432;61.980000000;150000
USD000UTSTOM;0;20180518;100432;61.980000000;25000
USD000UTSTOM;0;20180518;100432;61.977500000;5000
USD000UTSTOM;0;20180518;100432;61.977500000;50000
USD000UTSTOM;0;20180518;100433;61.987500000;40000
USD000UTSTOM;0;20180518;100433;61.977500000;50000
USD000UTSTOM;0;20180518;100435;61.980000000;50000
USD000UTSTOM;0;20180518;100435;61.980000000;20000
USD000UTSTOM;0;20180518;100435;61.980000000;30000
USD000UTSTOM;0;20180518;100435;61.980000000;20000
USD000UTSTOM;0;20180518;100435;61.980000000;1000
USD000UTSTOM;0;20180518;100436;61.980000000;31000
USD000UTSTOM;0;20180518;100438;61.980000000;99000
USD000UTSTOM;0;20180518;100438;61.980000000;87000
USD000UTSTOM;0;20180518;100439;61.982500000;300000
USD000UTSTOM;0;20180518;100439;61.987500000;8000
USD000UTSTOM;0;20180518;100439;61.987500000;102000
USD000UTSTOM;0;20180518;100439;61.987500000;50000
USD000UTSTOM;0;20180518;100439;61.990000000;64000
USD000UTSTOM;0;20180518;100439;61.990000000;1000
USD000UTSTOM;0;20180518;100439;61.990000000;50000
USD000UTSTOM;0;20180518;100439;61.992500000;50000
USD000UTSTOM;0;20180518;100440;61.980000000;30000
USD000UTSTOM;0;20180518;100446;61.992500000;6000
USD000UTSTOM;0;20180518;100456;61.982500000;1000
USD000UTSTOM;0;20180518;100456;61.982500000;2000
USD000UTSTOM;0;20180518;100502;61.987500000;100000
USD000UTSTOM;0;20180518;100502;61.987500000;50000
USD000UTSTOM;0;20180518;100502;61.990000000;1950000
USD000UTSTOM;0;20180518;100502;61.990000000;50000
USD000UTSTOM;0;20180518;100503;61.995000000;500000
USD000UTSTOM;0;20180518;100503;61.995000000;50000
USD000UTSTOM;0;20180518;100503;61.997500000;1400000
USD000UTSTOM;0;20180518;100503;62.000000000;367000
USD000UTSTOM;0;20180518;100503;62.000000000;20000
USD000UTSTOM;0;20180518;100503;62.000000000;10000
USD000UTSTOM;0;20180518;100503;62.000000000;41000
USD000UTSTOM;0;20180518;100503;62.000000000;50000
USD000UTSTOM;0;20180518;100503;62.000000000;200000
USD000UTSTOM;0;20180518;100503;62.000000000;50000
USD000UTSTOM;0;20180518;100503;62.000000000;257000
USD000UTSTOM;0;20180518;100504;62.000000000;100000
USD000UTSTOM;0;20180518;100506;62.000000000;300000
USD000UTSTOM;0;20180518;100506;61.990000000;200000
USD000UTSTOM;0;20180518;100506;61.990000000;99000
USD000UTSTOM;0;20180518;100506;62.000000000;250000
USD000UTSTOM;0;20180518;100506;62.002500000;50000
USD000UTSTOM;0;20180518;100506;62.002500000;5000
USD000UTSTOM;0;20180518;100506;62.002500000;295000
USD000UTSTOM;0;20180518;100506;61.992500000;50000
USD000UTSTOM;0;20180518;100506;62.002500000;2000
USD000UTSTOM;0;20180518;100508;61.997500000;50000
USD000UTSTOM;0;20180518;100508;61.995000000;200000
USD000UTSTOM;0;20180518;100508;61.997500000;58000
USD000UTSTOM;0;20180518;100508;61.995000000;200000
USD000UTSTOM;0;20180518;100511;62.000000000;3000
USD000UTSTOM;0;20180518;100512;62.000000000;47000
USD000UTSTOM;0;20180518;100512;62.000000000;53000
USD000UTSTOM;0;20180518;100512;62.000000000;1000
USD000UTSTOM;0;20180518;100514;62.002500000;67000
USD000UTSTOM;0;20180518;100514;62.005000000;50000
USD000UTSTOM;0;20180518;100518;61.990000000;17000
USD000UTSTOM;0;20180518;100518;61.990000000;32000
USD000UTSTOM;0;20180518;100519;62.002500000;50000
USD000UTSTOM;0;20180518;100524;61.997500000;10000
USD000UTSTOM;0;20180518;100531;61.985000000;200000
USD000UTSTOM;0;20180518;100531;61.982500000;200000
USD000UTSTOM;0;20180518;100531;61.982500000;51000
USD000UTSTOM;0;20180518;100531;61.982500000;5000
USD000UTSTOM;0;20180518;100531;61.982500000;50000
USD000UTSTOM;0;20180518;100531;61.982500000;2000
USD000UTSTOM;0;20180518;100531;61.980000000;219000
USD000UTSTOM;0;20180518;100531;61.980000000;1000000
USD000UTSTOM;0;20180518;100531;61.980000000;3000
USD000UTSTOM;0;20180518;100531;61.980000000;198000
USD000UTSTOM;0;20180518;100531;61.980000000;51000
USD000UTSTOM;0;20180518;100531;61.980000000;120000
USD000UTSTOM;0;20180518;100531;61.980000000;14000
USD000UTSTOM;0;20180518;100533;61.992500000;1000
USD000UTSTOM;0;20180518;100533;61.987500000;60000
USD000UTSTOM;0;20180518;100540;61.992500000;50000
USD000UTSTOM;0;20180518;100540;61.995000000;200000
USD000UTSTOM;0;20180518;100540;61.997500000;50000
USD000UTSTOM;0;20180518;100540;61.997500000;1000
USD000UTSTOM;0;20180518;100540;61.997500000;199000
USD000UTSTOM;0;20180518;100540;61.987500000;21000
USD000UTSTOM;0;20180518;100540;61.987500000;29000
USD000UTSTOM;0;20180518;100540;61.987500000;1000
USD000UTSTOM;0;20180518;100545;61.985000000;4000
USD000UTSTOM;0;20180518;100545;61.985000000;50000
USD000UTSTOM;0;20180518;100545;61.985000000;200000
USD000UTSTOM;0;20180518;100545;61.985000000;30000
USD000UTSTOM;0;20180518;100545;61.985000000;716000
USD000UTSTOM;0;20180518;100549;61.992500000;50000
USD000UTSTOM;0;20180518;100549;61.990000000;200000
USD000UTSTOM;0;20180518;100549;61.987500000;50000
USD000UTSTOM;0;20180518;100549;61.987500000;200000
USD000UTSTOM;0;20180518;100549;61.987500000;500000
USD000UTSTOM;0;20180518;100558;61.990000000;100000
USD000UTSTOM;0;20180518;100558;61.990000000;50000
USD000UTSTOM;0;20180518;100601;61.982500000;50000
USD000UTSTOM;0;20180518;100601;61.980000000;50000
USD000UTSTOM;0;20180518;100602;61.987500000;50000
USD000UTSTOM;0;20180518;100603;61.990000000;50000
USD000UTSTOM;0;20180518;100606;61.990000000;31000
USD000UTSTOM;0;20180518;100607;61.990000000;69000
USD000UTSTOM;0;20180518;100612;61.997500000;12000
USD000UTSTOM;0;20180518;100613;61.992500000;50000
USD000UTSTOM;0;20180518;100615;61.997500000;8000
USD000UTSTOM;0;20180518;100615;62.000000000;42000
USD000UTSTOM;0;20180518;100615;62.000000000;2000
USD000UTSTOM;0;20180518;100620;61.997500000;50000
USD000UTSTOM;0;20180518;100621;62.000000000;356000
USD000UTSTOM;0;20180518;100621;62.000000000;70000
USD000UTSTOM;0;20180518;100621;62.000000000;600000
USD000UTSTOM;0;20180518;100621;62.002500000;20000
USD000UTSTOM;0;20180518;100621;62.005000000;187000
USD000UTSTOM;0;20180518;100621;62.005000000;50000
USD000UTSTOM;0;20180518;100621;62.007500000;9000
USD000UTSTOM;0;20180518;100623;62.007500000;111000
USD000UTSTOM;0;20180518;100623;62.010000000;200000
USD000UTSTOM;0;20180518;100623;62.010000000;500000
USD000UTSTOM;0;20180518;100623;62.010000000;30000
USD000UTSTOM;0;20180518;100623;62.015000000;49000
USD000UTSTOM;0;20180518;100629;62.015000000;251000
USD000UTSTOM;0;20180518;100632;62.010000000;40000
USD000UTSTOM;0;20180518;100632;62.000000000;50000
USD000UTSTOM;0;20180518;100632;62.000000000;200000
USD000UTSTOM;0;20180518;100632;61.995000000;50000
USD000UTSTOM;0;20180518;100632;61.995000000;104000
USD000UTSTOM;0;20180518;100632;62.000000000;90000
USD000UTSTOM;0;20180518;100632;62.000000000;60000
USD000UTSTOM;0;20180518;100635;62.002500000;50000
USD000UTSTOM;0;20180518;100637;62.000000000;50000
USD000UTSTOM;0;20180518;100645;62.007500000;50000
USD000UTSTOM;0;20180518;100647;62.000000000;1000
USD000UTSTOM;0;20180518;100649;61.997500000;50000
USD000UTSTOM;0;20180518;100650;61.997500000;50000
USD000UTSTOM;0;20180518;100654;61.997500000;100000
USD000UTSTOM;0;20180518;100656;61.997500000;4000
USD000UTSTOM;0;20180518;100656;62.000000000;300000
USD000UTSTOM;0;20180518;100658;62.005000000;50000
USD000UTSTOM;0;20180518;100658;62.007500000;50000
USD000UTSTOM;0;20180518;100658;62.007500000;50000
USD000UTSTOM;0;20180518;100658;62.010000000;34000
USD000UTSTOM;0;20180518;100658;62.000000000;25000
USD000UTSTOM;0;20180518;100700;62.002500000;2000
USD000UTSTOM;0;20180518;100701;62.010000000;5000
USD000UTSTOM;0;20180518;100702;62.010000000;1000
USD000UTSTOM;0;20180518;100710;62.000000000;3000
USD000UTSTOM;0;20180518;100711;62.005000000;50000
USD000UTSTOM;0;20180518;100711;62.000000000;50000
USD000UTSTOM;0;20180518;100711;62.000000000;150000
USD000UTSTOM;0;20180518;100711;62.007500000;50000
USD000UTSTOM;0;20180518;100711;62.007500000;50000
USD000UTSTOM;0;20180518;100718;62.007500000;50000
USD000UTSTOM;0;20180518;100718;62.005000000;50000
USD000UTSTOM;0;20180518;100720;62.007500000;50000
USD000UTSTOM;0;20180518;100721;62.005000000;50000
USD000UTSTOM;0;20180518;100723;62.007500000;50000
USD000UTSTOM;0;20180518;100725;62.007500000;50000
USD000UTSTOM;0;20180518;100726;62.000000000;50000
USD000UTSTOM;0;20180518;100726;62.000000000;201000
USD000UTSTOM;0;20180518;100726;62.000000000;49000
USD000UTSTOM;0;20180518;100726;62.010000000;263000
USD000UTSTOM;0;20180518;100726;62.010000000;657000
USD000UTSTOM;0;20180518;100726;62.010000000;7000
USD000UTSTOM;0;20180518;100726;62.010000000;200000
USD000UTSTOM;0;20180518;100726;62.010000000;25000
USD000UTSTOM;0;20180518;100726;62.010000000;50000
USD000UTSTOM;0;20180518;100726;62.010000000;50000
USD000UTSTOM;0;20180518;100727;62.007500000;5000
USD000UTSTOM;0;20180518;100727;62.007500000;45000
USD000UTSTOM;0;20180518;100727;62.005000000;150000
USD000UTSTOM;0;20180518;100727;62.005000000;50000
USD000UTSTOM;0;20180518;100727;62.002500000;200000
USD000UTSTOM;0;20180518;100727;61.997500000;200000
USD000UTSTOM;0;20180518;100727;61.997500000;15000
USD000UTSTOM;0;20180518;100727;61.995000000;19000
USD000UTSTOM;0;20180518;100729;62.005000000;50000
USD000UTSTOM;0;20180518;100731;62.007500000;50000
USD000UTSTOM;0;20180518;100731;62.010000000;25000
USD000UTSTOM;0;20180518;100731;61.997500000;200000
USD000UTSTOM;0;20180518;100732;62.002500000;50000
USD000UTSTOM;0;20180518;100734;62.002500000;50000
USD000UTSTOM;0;20180518;100735;62.000000000;4000
USD000UTSTOM;0;20180518;100741;61.990000000;10000
USD000UTSTOM;0;20180518;100741;61.990000000;800000
USD000UTSTOM;0;20180518;100741;61.990000000;3000
USD000UTSTOM;0;20180518;100741;61.985000000;50000
USD000UTSTOM;0;20180518;100741;61.985000000;100000
USD000UTSTOM;0;20180518;100741;61.982500000;100000
USD000UTSTOM;0;20180518;100741;61.980000000;29000
USD000UTSTOM;0;20180518;100741;61.980000000;903000
USD000UTSTOM;0;20180518;100741;61.980000000;97000
USD000UTSTOM;0;20180518;100741;61.980000000;97000
USD000UTSTOM;0;20180518;100742;61.985000000;50000
USD000UTSTOM;0;20180518;100742;61.987500000;50000
USD000UTSTOM;0;20180518;100742;61.987500000;19000
USD000UTSTOM;0;20180518;100743;61.992500000;100000
USD000UTSTOM;0;20180518;100743;61.992500000;50000
USD000UTSTOM;0;20180518;100743;61.992500000;200000
USD000UTSTOM;0;20180518;100743;61.992500000;50000
USD000UTSTOM;0;20180518;100743;61.995000000;100000
USD000UTSTOM;0;20180518;100744;61.992500000;50000
USD000UTSTOM;0;20180518;100744;61.997500000;50000
USD000UTSTOM;0;20180518;100744;61.997500000;138000
USD000UTSTOM;0;20180518;100745;61.995000000;50000
USD000UTSTOM;0;20180518;100745;61.997500000;8000
USD000UTSTOM;0;20180518;100745;61.997500000;50000
USD000UTSTOM;0;20180518;100745;61.997500000;11000
USD000UTSTOM;0;20180518;100746;61.997500000;200000
USD000UTSTOM;0;20180518;100746;61.997500000;38000
USD000UTSTOM;0;20180518;100747;61.997500000;38000
USD000UTSTOM;0;20180518;100747;61.997500000;12000
USD000UTSTOM;0;20180518;100747;61.997500000;188000
USD000UTSTOM;0;20180518;100747;61.990000000;50000
USD000UTSTOM;0;20180518;100748;61.997500000;19000
USD000UTSTOM;0;20180518;100749;62.000000000;584000
USD000UTSTOM;0;20180518;100750;62.000000000;218000
USD000UTSTOM;0;20180518;100756;62.000000000;48000
USD000UTSTOM;0;20180518;100757;61.995000000;119000
USD000UTSTOM;0;20180518;100757;61.995000000;81000
USD000UTSTOM;0;20180518;100757;61.992500000;55000
USD000UTSTOM;0;20180518;100757;61.992500000;83000
USD000UTSTOM;0;20180518;100801;61.990000000;26000
USD000UTSTOM;0;20180518;100802;61.997500000;50000
USD000UTSTOM;0;20180518;100802;62.000000000;150000
USD000UTSTOM;0;20180518;100802;62.000000000;19000
USD000UTSTOM;0;20180518;100803;61.997500000;2000
USD000UTSTOM;0;20180518;100805;61.997500000;5000
USD000UTSTOM;0;20180518;100805;62.000000000;20000
USD000UTSTOM;0;20180518;100807;61.990000000;15000
USD000UTSTOM;0;20180518;100807;61.995000000;54000
USD000UTSTOM;0;20180518;100811;61.995000000;50000
USD000UTSTOM;0;20180518;100811;61.995000000;41000
USD000UTSTOM;0;20180518;100814;61.995000000;50000
USD000UTSTOM;0;20180518;100814;61.997500000;150000
USD000UTSTOM;0;20180518;100815;61.992500000;62000
USD000UTSTOM;0;20180518;100815;61.987500000;34000
USD000UTSTOM;0;20180518;100815;61.987500000;16000
USD000UTSTOM;0;20180518;100818;61.995000000;50000
USD000UTSTOM;0;20180518;100818;61.997500000;49000
USD000UTSTOM;0;20180518;100818;61.997500000;50000
USD000UTSTOM;0;20180518;100819;61.995000000;35000
USD000UTSTOM;0;20180518;100819;61.995000000;35000
USD000UTSTOM;0;20180518;100819;61.995000000;342000
USD000UTSTOM;0;20180518;100819;61.995000000;188000
USD000UTSTOM;0;20180518;100821;61.995000000;50000
USD000UTSTOM;0;20180518;100823;61.995000000;164000
USD000UTSTOM;0;20180518;100823;61.995000000;300000
USD000UTSTOM;0;20180518;100823;61.995000000;136000
USD000UTSTOM;0;20180518;100834;61.990000000;10000
USD000UTSTOM;0;20180518;100835;61.990000000;238000
USD000UTSTOM;0;20180518;100835;61.990000000;2000
USD000UTSTOM;0;20180518;100835;61.990000000;10000
USD000UTSTOM;0;20180518;100837;61.987500000;233000
USD000UTSTOM;0;20180518;100837;61.987500000;17000
USD000UTSTOM;0;20180518;100837;61.987500000;178000
USD000UTSTOM;0;20180518;100837;61.987500000;72000
USD000UTSTOM;0;20180518;100837;61.987500000;4000
USD000UTSTOM;0;20180518;100837;61.987500000;28000
USD000UTSTOM;0;20180518;100837;61.987500000;36000
USD000UTSTOM;0;20180518;100838;61.987500000;50000
USD000UTSTOM;0;20180518;100838;61.987500000;132000
USD000UTSTOM;0;20180518;100838;61.987500000;32000
USD000UTSTOM;0;20180518;100838;61.987500000;36000
USD000UTSTOM;0;20180518;100838;61.990000000;50000
USD000UTSTOM;0;20180518;100838;61.990000000;50000
USD000UTSTOM;0;20180518;100838;61.990000000;138000
USD000UTSTOM;0;20180518;100838;61.990000000;12000
USD000UTSTOM;0;20180518;100838;61.997500000;2000
USD000UTSTOM;0;20180518;100838;61.990000000;25000
USD000UTSTOM;0;20180518;100838;61.990000000;175000
USD000UTSTOM;0;20180518;100838;61.990000000;50000
USD000UTSTOM;0;20180518;100838;61.987500000;182000
USD000UTSTOM;0;20180518;100838;61.990000000;25000
USD000UTSTOM;0;20180518;100838;61.990000000;20000
USD000UTSTOM;0;20180518;100838;61.990000000;200000
USD000UTSTOM;0;20180518;100838;61.990000000;20000
USD000UTSTOM;0;20180518;100839;61.997500000;50000
USD000UTSTOM;0;20180518;100839;61.997500000;25000
USD000UTSTOM;0;20180518;100839;61.997500000;63000
USD000UTSTOM;0;20180518;100840;62.000000000;35000
USD000UTSTOM;0;20180518;100846;61.995000000;50000
USD000UTSTOM;0;20180518;100849;61.995000000;30000
USD000UTSTOM;0;20180518;100853;61.985000000;3000
USD000UTSTOM;0;20180518;100855;61.985000000;8000
USD000UTSTOM;0;20180518;100855;61.985000000;15000
USD000UTSTOM;0;20180518;100855;61.985000000;80000
USD000UTSTOM;0;20180518;100855;61.985000000;49000
USD000UTSTOM;0;20180518;100909;61.985000000;49000
USD000UTSTOM;0;20180518;100909;61.985000000;151000
USD000UTSTOM;0;20180518;100909;61.982500000;36000
USD000UTSTOM;0;20180518;100909;61.982500000;12000
USD000UTSTOM;0;20180518;100909;61.980000000;903000
USD000UTSTOM;0;20180518;100909;61.980000000;100000
USD000UTSTOM;0;20180518;100909;61.980000000;100000
USD000UTSTOM;0;20180518;100909;61.980000000;100000
USD000UTSTOM;0;20180518;100909;61.980000000;2000
USD000UTSTOM;0;20180518;100909;61.980000000;1253000
USD000UTSTOM;0;20180518;100911;61.982500000;200000
USD000UTSTOM;0;20180518;100911;61.980000000;762000
USD000UTSTOM;0;20180518;100911;61.980000000;1000000
USD000UTSTOM;0;20180518;100912;61.980000000;1000000
USD000UTSTOM;0;20180518;100912;61.980000000;100000
USD000UTSTOM;0;20180518;100912;61.980000000;50000
USD000UTSTOM;0;20180518;100912;61.980000000;100000
USD000UTSTOM;0;20180518;100912;61.980000000;50000
USD000UTSTOM;0;20180518;100912;61.980000000;50000
USD000UTSTOM;0;20180518;100912;61.980000000;136000
USD000UTSTOM;0;20180518;100912;61.980000000;150000
USD000UTSTOM;0;20180518;100912;61.982500000;54000
USD000UTSTOM;0;20180518;100912;61.980000000;100000
USD000UTSTOM;0;20180518;100912;61.980000000;86000
USD000UTSTOM;0;20180518;100914;61.980000000;200000
USD000UTSTOM;0;20180518;100916;61.980000000;20000
USD000UTSTOM;0;20180518;100916;61.980000000;943000
USD000UTSTOM;0;20180518;100916;61.977500000;15000
USD000UTSTOM;0;20180518;100918;61.975000000;5000
USD000UTSTOM;0;20180518;100918;61.972500000;50000
USD000UTSTOM;0;20180518;100918;61.972500000;285000
USD000UTSTOM;0;20180518;100920;61.975000000;200000
USD000UTSTOM;0;20180518;100927;61.972500000;54000
USD000UTSTOM;0;20180518;100928;61.975000000;6000
USD000UTSTOM;0;20180518;100931;61.972500000;10000
USD000UTSTOM;0;20180518;100934;61.972500000;884000
USD000UTSTOM;0;20180518;100934;61.972500000;91000
USD000UTSTOM;0;20180518;100934;61.972500000;109000
USD000UTSTOM;0;20180518;100934;61.972500000;91000
USD000UTSTOM;0;20180518;100937;61.972500000;300000
USD000UTSTOM;0;20180518;100941;61.972500000;20000
USD000UTSTOM;0;20180518;100945;61.972500000;200000
USD000UTSTOM;0;20180518;100945;61.972500000;50000
USD000UTSTOM;0;20180518;100945;61.972500000;73000
USD000UTSTOM;0;20180518;100945;61.972500000;499000
USD000UTSTOM;0;20180518;100945;61.970000000;10000
USD000UTSTOM;0;20180518;100945;61.970000000;10000
USD000UTSTOM;0;20180518;100946;61.965000000;200000
USD000UTSTOM;0;20180518;100946;61.962500000;3000
USD000UTSTOM;0;20180518;100946;61.960000000;2000
USD000UTSTOM;0;20180518;100946;61.957500000;25000
USD000UTSTOM;0;20180518;100946;61.960000000;44000
USD000UTSTOM;0;20180518;100946;61.950000000;5000
USD000UTSTOM;0;20180518;100947;61.950000000;20000
USD000UTSTOM;0;20180518;100947;61.950000000;50000
USD000UTSTOM;0;20180518;100948;61.960000000;50000
USD000UTSTOM;0;20180518;100948;61.960000000;63000
USD000UTSTOM;0;20180518;100948;61.962500000;200000
USD000UTSTOM;0;20180518;100948;61.962500000;100000
USD000UTSTOM;0;20180518;100948;61.962500000;50000
USD000UTSTOM;0;20180518;100948;61.962500000;37000
USD000UTSTOM;0;20180518;100948;61.952500000;1000
USD000UTSTOM;0;20180518;100949;61.965000000;2000
USD000UTSTOM;0;20180518;100949;61.955000000;2000
USD000UTSTOM;0;20180518;100949;61.952500000;10000
USD000UTSTOM;0;20180518;100952;61.962500000;50000
USD000UTSTOM;0;20180518;100952;61.965000000;200000
USD000UTSTOM;0;20180518;100952;61.967500000;50000
USD000UTSTOM;0;20180518;100952;61.967500000;200000
USD000UTSTOM;0;20180518;100954;61.950000000;2000
USD000UTSTOM;0;20180518;100955;61.960000000;50000
USD000UTSTOM;0;20180518;100955;61.960000000;200000
USD000UTSTOM;0;20180518;100959;61.960000000;50000
USD000UTSTOM;0;20180518;100959;61.962500000;50000
USD000UTSTOM;0;20180518;100959;61.962500000;50000
USD000UTSTOM;0;20180518;100959;61.962500000;50000
USD000UTSTOM;0;20180518;101003;61.960000000;200000
USD000UTSTOM;0;20180518;101003;61.962500000;50000
USD000UTSTOM;0;20180518;101006;61.955000000;50000
USD000UTSTOM;0;20180518;101006;61.952500000;50000
USD000UTSTOM;0;20180518;101006;61.952500000;50000
USD000UTSTOM;0;20180518;101006;61.957500000;50000
USD000UTSTOM;0;20180518;101008;61.957500000;50000
USD000UTSTOM;0;20180518;101008;61.960000000;250000
USD000UTSTOM;0;20180518;101008;61.960000000;250000
USD000UTSTOM;0;20180518;101009;61.960000000;250000
USD000UTSTOM;0;20180518;101009;61.960000000;250000
USD000UTSTOM;0;20180518;101010;61.962500000;50000
USD000UTSTOM;0;20180518;101010;61.962500000;1000
USD000UTSTOM;0;20180518;101010;61.965000000;49000
USD000UTSTOM;0;20180518;101015;61.960000000;50000
USD000UTSTOM;0;20180518;101018;61.957500000;50000
USD000UTSTOM;0;20180518;101018;61.960000000;1000
USD000UTSTOM;0;20180518;101019;61.965000000;200000
USD000UTSTOM;0;20180518;101019;61.970000000;200000
USD000UTSTOM;0;20180518;101019;61.970000000;90000
USD000UTSTOM;0;20180518;101019;61.970000000;910000
USD000UTSTOM;0;20180518;101019;61.970000000;50000
USD000UTSTOM;0;20180518;101019;61.970000000;960000
USD000UTSTOM;0;20180518;101019;61.970000000;685000
USD000UTSTOM;0;20180518;101019;61.970000000;58000
USD000UTSTOM;0;20180518;101019;61.970000000;50000
USD000UTSTOM;0;20180518;101019;61.970000000;100000
USD000UTSTOM;0;20180518;101019;61.970000000;147000
USD000UTSTOM;0;20180518;101019;61.970000000;500000
USD000UTSTOM;0;20180518;101019;61.970000000;143000
USD000UTSTOM;0;20180518;101019;61.970000000;16000
USD000UTSTOM;0;20180518;101019;61.970000000;147000
USD000UTSTOM;0;20180518;101019;61.970000000;50000
USD000UTSTOM;0;20180518;101019;61.970000000;147000
USD000UTSTOM;0;20180518;101019;61.970000000;203000
USD000UTSTOM;0;20180518;101019;61.970000000;150000
USD000UTSTOM;0;20180518;101019;61.970000000;353000
USD000UTSTOM;0;20180518;101019;61.970000000;17000
USD000UTSTOM;0;20180518;101019;61.970000000;79000
USD000UTSTOM;0;20180518;101019;61.970000000;16000
USD000UTSTOM;0;20180518;101019;61.970000000;30000
USD000UTSTOM;0;20180518;101019;61.970000000;64000
USD000UTSTOM;0;20180518;101019;61.970000000;147000
USD000UTSTOM;0;20180518;101019;61.970000000;149000
USD000UTSTOM;0;20180518;101019;61.970000000;3000
USD000UTSTOM;0;20180518;101019;61.970000000;12000
USD000UTSTOM;0;20180518;101019;61.970000000;44000
USD000UTSTOM;0;20180518;101019;61.970000000;50000
USD000UTSTOM;0;20180518;101019;61.970000000;9000
USD000UTSTOM;0;20180518;101019;61.970000000;33000
USD000UTSTOM;0;20180518;101019;61.970000000;37000
USD000UTSTOM;0;20180518;101019;61.970000000;9000
USD000UTSTOM;0;20180518;101020;61.967500000;50000
USD000UTSTOM;0;20180518;101020;61.962500000;50000
USD000UTSTOM;0;20180518;101020;61.962500000;200000
USD000UTSTOM;0;20180518;101020;61.962500000;200000
USD000UTSTOM;0;20180518;101020;61.960000000;202000
USD000UTSTOM;0;20180518;101020;61.960000000;200000
USD000UTSTOM;0;20180518;101023;61.962500000;50000
USD000UTSTOM;0;20180518;101023;61.962500000;200000
USD000UTSTOM;0;20180518;101023;61.962500000;50000
USD000UTSTOM;0;20180518;101023;61.960000000;150000
USD000UTSTOM;0;20180518;101025;61.967500000;50000
USD000UTSTOM;0;20180518;101025;61.967500000;50000
USD000UTSTOM;0;20180518;101025;61.965000000;200000
USD000UTSTOM;0;20180518;101026;61.970000000;200000
USD000UTSTOM;0;20180518;101028;61.972500000;5000
USD000UTSTOM;0;20180518;101029;61.970000000;5000
USD000UTSTOM;0;20180518;101029;61.962500000;50000
USD000UTSTOM;0;20180518;101030;61.962500000;5000
USD000UTSTOM;0;20180518;101031;61.967500000;29000
USD000UTSTOM;0;20180518;101031;61.967500000;21000
USD000UTSTOM;0;20180518;101031;61.967500000;50000
USD000UTSTOM;0;20180518;101031;61.967500000;167000
USD000UTSTOM;0;20180518;101031;61.967500000;33000
USD000UTSTOM;0;20180518;101031;61.970000000;200000
USD000UTSTOM;0;20180518;101031;61.970000000;77000
USD000UTSTOM;0;20180518;101031;61.972500000;238000
USD000UTSTOM;0;20180518;101031;61.970000000;31000
USD000UTSTOM;0;20180518;101032;61.965000000;5000
USD000UTSTOM;0;20180518;101034;61.965000000;30000
USD000UTSTOM;0;20180518;101035;61.962500000;50000
USD000UTSTOM;0;20180518;101035;61.962500000;200000
USD000UTSTOM;0;20180518;101035;61.967500000;5000
USD000UTSTOM;0;20180518;101036;61.967500000;1000
USD000UTSTOM;0;20180518;101036;61.967500000;5000
USD000UTSTOM;0;20180518;101036;61.965000000;5000
USD000UTSTOM;0;20180518;101036;61.962500000;50000
USD000UTSTOM;0;20180518;101037;61.965000000;505000
USD000UTSTOM;0;20180518;101037;61.965000000;153000
USD000UTSTOM;0;20180518;101037;61.967500000;50000
USD000UTSTOM;0;20180518;101037;61.970000000;59000
USD000UTSTOM;0;20180518;101037;61.967500000;47000
USD000UTSTOM;0;20180518;101037;61.967500000;47000
USD000UTSTOM;0;20180518;101037;61.965000000;50000
USD000UTSTOM;0;20180518;101037;61.970000000;5000
USD000UTSTOM;0;20180518;101038;61.972500000;5000
USD000UTSTOM;0;20180518;101039;61.967500000;5000
USD000UTSTOM;0;20180518;101039;61.970000000;5000
USD000UTSTOM;0;20180518;101040;61.967500000;5000
USD000UTSTOM;0;20180518;101040;61.965000000;15000
USD000UTSTOM;0;20180518;101041;61.967500000;1000
USD000UTSTOM;0;20180518;101042;61.967500000;5000
USD000UTSTOM;0;20180518;101042;61.962500000;200000
USD000UTSTOM;0;20180518;101044;61.967500000;1000
USD000UTSTOM;0;20180518;101044;61.965000000;5000
USD000UTSTOM;0;20180518;101045;61.965000000;1000
USD000UTSTOM;0;20180518;101046;61.965000000;44000
USD000UTSTOM;0;20180518;101046;61.967500000;158000
USD000UTSTOM;0;20180518;101046;61.967500000;42000
USD000UTSTOM;0;20180518;101046;61.970000000;72000
USD000UTSTOM;0;20180518;101046;61.970000000;36000
USD000UTSTOM;0;20180518;101047;61.970000000;5000
USD000UTSTOM;0;20180518;101048;61.970000000;45000
USD000UTSTOM;0;20180518;101048;61.972500000;525000
USD000UTSTOM;0;20180518;101048;61.972500000;135000
USD000UTSTOM;0;20180518;101048;61.972500000;59000
USD000UTSTOM;0;20180518;101048;61.972500000;38000
USD000UTSTOM;0;20180518;101048;61.972500000;38000
USD000UTSTOM;0;20180518;101048;61.967500000;50000
USD000UTSTOM;0;20180518;101048;61.967500000;5000
USD000UTSTOM;0;20180518;101049;61.970000000;50000
USD000UTSTOM;0;20180518;101049;61.972500000;50000
USD000UTSTOM;0;20180518;101049;61.972500000;5000
USD000UTSTOM;0;20180518;101050;61.967500000;5000
USD000UTSTOM;0;20180518;101053;61.970000000;2000
USD000UTSTOM;0;20180518;101053;61.970000000;2000
USD000UTSTOM;0;20180518;101053;61.970000000;2000
USD000UTSTOM;0;20180518;101054;61.970000000;44000
USD000UTSTOM;0;20180518;101054;61.970000000;6000
USD000UTSTOM;0;20180518;101055;61.970000000;5000
USD000UTSTOM;0;20180518;101056;61.965000000;5000
USD000UTSTOM;0;20180518;101057;61.965000000;5000
USD000UTSTOM;0;20180518;101058;61.967500000;50000
USD000UTSTOM;0;20180518;101058;61.970000000;50000
USD000UTSTOM;0;20180518;101059;61.970000000;5000
USD000UTSTOM;0;20180518;101100;61.967500000;5000
USD000UTSTOM;0;20180518;101100;61.965000000;10000
USD000UTSTOM;0;20180518;101100;61.962500000;30000
USD000UTSTOM;0;20180518;101102;61.967500000;50000
USD000UTSTOM;0;20180518;101102;61.970000000;5000
USD000UTSTOM;0;20180518;101103;61.962500000;5000
USD000UTSTOM;0;20180518;101104;61.960000000;300000
USD000UTSTOM;0;20180518;101104;61.960000000;5000
USD000UTSTOM;0;20180518;101104;61.960000000;50000
USD000UTSTOM;0;20180518;101105;61.952500000;27000
USD000UTSTOM;0;20180518;101105;61.952500000;50000
USD000UTSTOM;0;20180518;101105;61.952500000;123000
USD000UTSTOM;0;20180518;101106;61.955000000;99000
USD000UTSTOM;0;20180518;101106;61.952500000;50000
USD000UTSTOM;0;20180518;101106;61.952500000;51000
USD000UTSTOM;0;20180518;101108;61.955000000;50000
USD000UTSTOM;0;20180518;101108;61.955000000;75000
USD000UTSTOM;0;20180518;101111;61.960000000;2000
USD000UTSTOM;0;20180518;101114;61.957500000;50000
USD000UTSTOM;0;20180518;101116;61.960000000;50000
USD000UTSTOM;0;20180518;101116;61.960000000;3000
USD000UTSTOM;0;20180518;101116;61.960000000;2000
USD000UTSTOM;0;20180518;101116;61.957500000;50000
USD000UTSTOM;0;20180518;101116;61.960000000;1000
USD000UTSTOM;0;20180518;101118;61.955000000;28000
USD000UTSTOM;0;20180518;101118;61.955000000;133000
USD000UTSTOM;0;20180518;101118;61.955000000;39000
USD000UTSTOM;0;20180518;101118;61.950000000;20000
USD000UTSTOM;0;20180518;101118;61.950000000;60000
USD000UTSTOM;0;20180518;101118;61.950000000;58000
USD000UTSTOM;0;20180518;101118;61.950000000;1000
USD000UTSTOM;0;20180518;101118;61.950000000;20000
USD000UTSTOM;0;20180518;101118;61.950000000;10000
USD000UTSTOM;0;20180518;101118;61.950000000;2000
USD000UTSTOM;0;20180518;101118;61.950000000;15000
USD000UTSTOM;0;20180518;101118;61.950000000;20000
USD000UTSTOM;0;20180518;101118;61.950000000;10000
USD000UTSTOM;0;20180518;101118;61.950000000;100000
USD000UTSTOM;0;20180518;101118;61.950000000;6000
USD000UTSTOM;0;20180518;101118;61.947500000;70000
USD000UTSTOM;0;20180518;101118;61.947500000;10000
USD000UTSTOM;0;20180518;101118;61.947500000;25000
USD000UTSTOM;0;20180518;101118;61.947500000;318000
USD000UTSTOM;0;20180518;101119;61.947500000;200000
USD000UTSTOM;0;20180518;101119;61.947500000;50000
USD000UTSTOM;0;20180518;101119;61.947500000;432000
USD000UTSTOM;0;20180518;101119;61.942500000;2000
USD000UTSTOM;0;20180518;101120;61.942500000;50000
USD000UTSTOM;0;20180518;101121;61.940000000;5000
USD000UTSTOM;0;20180518;101123;61.937500000;1000
USD000UTSTOM;0;20180518;101123;61.937500000;49000
USD000UTSTOM;0;20180518;101127;61.935000000;100000
USD000UTSTOM;0;20180518;101127;61.932500000;200000
USD000UTSTOM;0;20180518;101127;61.932500000;50000
USD000UTSTOM;0;20180518;101127;61.930000000;10000
USD000UTSTOM;0;20180518;101127;61.930000000;500000
USD000UTSTOM;0;20180518;101127;61.930000000;2000
USD000UTSTOM;0;20180518;101127;61.930000000;50000
USD000UTSTOM;0;20180518;101127;61.930000000;1824000
USD000UTSTOM;0;20180518;101127;61.930000000;88000
USD000UTSTOM;0;20180518;101127;61.930000000;88000
USD000UTSTOM;0;20180518;101127;61.930000000;50000
USD000UTSTOM;0;20180518;101127;61.930000000;88000
USD000UTSTOM;0;20180518;101127;61.930000000;88000
USD000UTSTOM;0;20180518;101127;61.930000000;88000
USD000UTSTOM;0;20180518;101127;61.930000000;88000
USD000UTSTOM;0;20180518;101127;61.930000000;88000
USD000UTSTOM;0;20180518;101127;61.930000000;88000
USD000UTSTOM;0;20180518;101127;61.930000000;263000
USD000UTSTOM;0;20180518;101127;61.930000000;264000
USD000UTSTOM;0;20180518;101127;61.930000000;176000
USD000UTSTOM;0;20180518;101127;61.930000000;176000
USD000UTSTOM;0;20180518;101127;61.930000000;300000
USD000UTSTOM;0;20180518;101127;61.930000000;50000
USD000UTSTOM;0;20180518;101127;61.930000000;50000
USD000UTSTOM;0;20180518;101127;61.930000000;176000
USD000UTSTOM;0;20180518;101127;61.930000000;50000
USD000UTSTOM;0;20180518;101127;61.930000000;88000
USD000UTSTOM;0;20180518;101127;61.930000000;200000
USD000UTSTOM;0;20180518;101127;61.930000000;580000
USD000UTSTOM;0;20180518;101127;61.927500000;50000
USD000UTSTOM;0;20180518;101127;61.927500000;128000
USD000UTSTOM;0;20180518;101127;61.930000000;558000
USD000UTSTOM;0;20180518;101127;61.930000000;5000
USD000UTSTOM;0;20180518;101127;61.930000000;450000
USD000UTSTOM;0;20180518;101127;61.930000000;50000
USD000UTSTOM;0;20180518;101127;61.930000000;74000
USD000UTSTOM;0;20180518;101127;61.930000000;50000
USD000UTSTOM;0;20180518;101127;61.930000000;50000
USD000UTSTOM;0;20180518;101127;61.930000000;74000
USD000UTSTOM;0;20180518;101127;61.930000000;50000
USD000UTSTOM;0;20180518;101127;61.930000000;176000
USD000UTSTOM;0;20180518;101127;61.930000000;50000
USD000UTSTOM;0;20180518;101127;61.930000000;162000
USD000UTSTOM;0;20180518;101127;61.930000000;88000
USD000UTSTOM;0;20180518;101127;61.930000000;100000
USD000UTSTOM;0;20180518;101127;61.930000000;686000
USD000UTSTOM;0;20180518;101127;61.925000000;12000
USD000UTSTOM;0;20180518;101127;61.925000000;12000
USD000UTSTOM;0;20180518;101127;61.922500000;10000
USD000UTSTOM;0;20180518;101127;61.920000000;10000
USD000UTSTOM;0;20180518;101127;61.920000000;5000
USD000UTSTOM;0;20180518;101127;61.920000000;3000
USD000UTSTOM;0;20180518;101127;61.920000000;50000
USD000UTSTOM;0;20180518;101127;61.922500000;200000
USD000UTSTOM;0;20180518;101127;61.915000000;30000
USD000UTSTOM;0;20180518;101127;61.922500000;23000
USD000UTSTOM;0;20180518;101128;61.912500000;6000
USD000UTSTOM;0;20180518;101128;61.922500000;1000
USD000UTSTOM;0;20180518;101128;61.912500000;2000
USD000UTSTOM;0;20180518;101129;61.920000000;50000
USD000UTSTOM;0;20180518;101129;61.920000000;3000
USD000UTSTOM;0;20180518;101130;61.922500000;26000
USD000UTSTOM;0;20180518;101130;61.922500000;4000
USD000UTSTOM;0;20180518;101131;61.912500000;17000
USD000UTSTOM;0;20180518;101131;61.912500000;3000
USD000UTSTOM;0;20180518;101133;61.912500000;47000
USD000UTSTOM;0;20180518;101133;61.912500000;50000
USD000UTSTOM;0;20180518;101133;61.910000000;3000
USD000UTSTOM;0;20180518;101134;61.920000000;50000
USD000UTSTOM;0;20180518;101134;61.922500000;50000
USD000UTSTOM;0;20180518;101134;61.922500000;50000
USD000UTSTOM;0;20180518;101134;61.925000000;200000
USD000UTSTOM;0;20180518;101134;61.927500000;48000
USD000UTSTOM;0;20180518;101135;61.925000000;50000
USD000UTSTOM;0;20180518;101135;61.932500000;50000
USD000UTSTOM;0;20180518;101135;61.935000000;200000
USD000UTSTOM;0;20180518;101135;61.935000000;50000
USD000UTSTOM;0;20180518;101135;61.937500000;50000
USD000UTSTOM;0;20180518;101135;61.937500000;50000
USD000UTSTOM;0;20180518;101136;61.932500000;15000
USD000UTSTOM;0;20180518;101136;61.935000000;50000
USD000UTSTOM;0;20180518;101136;61.932500000;15000
USD000UTSTOM;0;20180518;101137;61.927500000;200000
USD000UTSTOM;0;20180518;101137;61.925000000;50000
USD000UTSTOM;0;20180518;101137;61.925000000;30000
USD000UTSTOM;0;20180518;101137;61.925000000;120000
USD000UTSTOM;0;20180518;101138;61.937500000;8000
USD000UTSTOM;0;20180518;101138;61.937500000;1000
USD000UTSTOM;0;20180518;101138;61.937500000;15000
USD000UTSTOM;0;20180518;101138;61.937500000;9000
USD000UTSTOM;0;20180518;101138;61.937500000;1000
USD000UTSTOM;0;20180518;101138;61.930000000;50000
USD000UTSTOM;0;20180518;101138;61.930000000;11000
USD000UTSTOM;0;20180518;101138;61.930000000;12000
USD000UTSTOM;0;20180518;101138;61.930000000;50000
USD000UTSTOM;0;20180518;101138;61.930000000;10000
USD000UTSTOM;0;20180518;101138;61.930000000;10000
USD000UTSTOM;0;20180518;101138;61.930000000;124000
USD000UTSTOM;0;20180518;101138;61.930000000;33000
USD000UTSTOM;0;20180518;101138;61.930000000;17000
USD000UTSTOM;0;20180518;101138;61.927500000;1000
USD000UTSTOM;0;20180518;101139;61.930000000;50000
USD000UTSTOM;0;20180518;101139;61.927500000;200000
USD000UTSTOM;0;20180518;101139;61.927500000;200000
USD000UTSTOM;0;20180518;101139;61.925000000;50000
USD000UTSTOM;0;20180518;101139;61.925000000;200000
USD000UTSTOM;0;20180518;101139;61.925000000;50000
USD000UTSTOM;0;20180518;101139;61.925000000;50000
USD000UTSTOM;0;20180518;101139;61.922500000;50000
USD000UTSTOM;0;20180518;101139;61.922500000;50000
USD000UTSTOM;0;20180518;101139;61.922500000;200000
USD000UTSTOM;0;20180518;101139;61.920000000;50000
USD000UTSTOM;0;20180518;101139;61.920000000;50000
USD000UTSTOM;0;20180518;101139;61.920000000;50000
USD000UTSTOM;0;20180518;101139;61.920000000;1178000
USD000UTSTOM;0;20180518;101139;61.920000000;250000
USD000UTSTOM;0;20180518;101139;61.920000000;488000
USD000UTSTOM;0;20180518;101139;61.920000000;319000
USD000UTSTOM;0;20180518;101139;61.920000000;750000
USD000UTSTOM;0;20180518;101139;61.920000000;100000
USD000UTSTOM;0;20180518;101139;61.920000000;150000
USD000UTSTOM;0;20180518;101139;61.917500000;50000
USD000UTSTOM;0;20180518;101139;61.920000000;50000
USD000UTSTOM;0;20180518;101139;61.920000000;50000
USD000UTSTOM;0;20180518;101139;61.920000000;415000
USD000UTSTOM;0;20180518;101139;61.920000000;24000
USD000UTSTOM;0;20180518;101139;61.917500000;150000
USD000UTSTOM;0;20180518;101139;61.917500000;28000
USD000UTSTOM;0;20180518;101139;61.920000000;200000
USD000UTSTOM;0;20180518;101139;61.917500000;100000
USD000UTSTOM;0;20180518;101139;61.920000000;26000
USD000UTSTOM;0;20180518;101139;61.920000000;51000
USD000UTSTOM;0;20180518;101139;61.920000000;50000
USD000UTSTOM;0;20180518;101139;61.920000000;50000
USD000UTSTOM;0;20180518;101139;61.912500000;50000
USD000UTSTOM;0;20180518;101139;61.910000000;497000
USD000UTSTOM;0;20180518;101139;61.910000000;16000
USD000UTSTOM;0;20180518;101139;61.907500000;150000
USD000UTSTOM;0;20180518;101139;61.907500000;70000
USD000UTSTOM;0;20180518;101139;61.907500000;184000
USD000UTSTOM;0;20180518;101139;61.907500000;160000
USD000UTSTOM;0;20180518;101139;61.907500000;166000
USD000UTSTOM;0;20180518;101139;61.907500000;50000
USD000UTSTOM;0;20180518;101139;61.907500000;194000
USD000UTSTOM;0;20180518;101139;61.907500000;50000
USD000UTSTOM;0;20180518;101139;61.907500000;456000
USD000UTSTOM;0;20180518;101139;61.907500000;50000
USD000UTSTOM;0;20180518;101139;61.907500000;57000
USD000UTSTOM;0;20180518;101139;61.907500000;59000
USD000UTSTOM;0;20180518;101139;61.907500000;91000
USD000UTSTOM;0;20180518;101139;61.907500000;443000
USD000UTSTOM;0;20180518;101139;61.907500000;157000
USD000UTSTOM;0;20180518;101139;61.907500000;100000
USD000UTSTOM;0;20180518;101139;61.907500000;29000
USD000UTSTOM;0;20180518;101140;61.910000000;5000
USD000UTSTOM;0;20180518;101140;61.902500000;25000
USD000UTSTOM;0;20180518;101147;61.915000000;200000
USD000UTSTOM;0;20180518;101149;61.910000000;1000
USD000UTSTOM;0;20180518;101149;61.910000000;199000
USD000UTSTOM;0;20180518;101150;61.910000000;50000
USD000UTSTOM;0;20180518;101153;61.910000000;40000
USD000UTSTOM;0;20180518;101154;61.902500000;50000
USD000UTSTOM;0;20180518;101154;61.902500000;10000
USD000UTSTOM;0;20180518;101154;61.900000000;1000
USD000UTSTOM;0;20180518;101154;61.900000000;1000
USD000UTSTOM;0;20180518;101154;61.900000000;2000
USD000UTSTOM;0;20180518;101154;61.900000000;46000
USD000UTSTOM;0;20180518;101154;61.900000000;100000
USD000UTSTOM;0;20180518;101154;61.900000000;5000
USD000UTSTOM;0;20180518;101154;61.900000000;2000
USD000UTSTOM;0;20180518;101156;61.907500000;200000
USD000UTSTOM;0;20180518;101156;61.907500000;121000
USD000UTSTOM;0;20180518;101156;61.907500000;500000
USD000UTSTOM;0;20180518;101156;61.907500000;179000
USD000UTSTOM;0;20180518;101156;61.910000000;50000
USD000UTSTOM;0;20180518;101156;61.910000000;110000
USD000UTSTOM;0;20180518;101156;61.910000000;44000
USD000UTSTOM;0;20180518;101156;61.910000000;25000
USD000UTSTOM;0;20180518;101156;61.912500000;21000
USD000UTSTOM;0;20180518;101156;61.912500000;29000
USD000UTSTOM;0;20180518;101156;61.915000000;50000
USD000UTSTOM;0;20180518;101156;61.915000000;100000
USD000UTSTOM;0;20180518;101156;61.915000000;50000
USD000UTSTOM;0;20180518;101156;61.915000000;50000
USD000UTSTOM;0;20180518;101156;61.912500000;71000
USD000UTSTOM;0;20180518;101156;61.917500000;50000
USD000UTSTOM;0;20180518;101156;61.917500000;2000
USD000UTSTOM;0;20180518;101156;61.920000000;100000
USD000UTSTOM;0;20180518;101156;61.920000000;67000
USD000UTSTOM;0;20180518;101156;61.920000000;100000
USD000UTSTOM;0;20180518;101156;61.920000000;161000
USD000UTSTOM;0;20180518;101156;61.920000000;170000
USD000UTSTOM;0;20180518;101156;61.920000000;50000
USD000UTSTOM;0;20180518;101156;61.920000000;100000
USD000UTSTOM;0;20180518;101156;61.920000000;21000
USD000UTSTOM;0;20180518;101156;61.920000000;35000
USD000UTSTOM;0;20180518;101156;61.920000000;10000
USD000UTSTOM;0;20180518;101156;61.920000000;25000
USD000UTSTOM;0;20180518;101156;61.920000000;50000
USD000UTSTOM;0;20180518;101156;61.920000000;446000
USD000UTSTOM;0;20180518;101156;61.920000000;54000
USD000UTSTOM;0;20180518;101156;61.920000000;10000
USD000UTSTOM;0;20180518;101156;61.920000000;10000
USD000UTSTOM;0;20180518;101158;61.920000000;38000
USD000UTSTOM;0;20180518;101158;61.920000000;50000
USD000UTSTOM;0;20180518;101158;61.920000000;352000
USD000UTSTOM;0;20180518;101158;61.920000000;352000
USD000UTSTOM;0;20180518;101158;61.920000000;50000
USD000UTSTOM;0;20180518;101158;61.920000000;30000
USD000UTSTOM;0;20180518;101158;61.920000000;50000
USD000UTSTOM;0;20180518;101159;61.920000000;2000
USD000UTSTOM;0;20180518;101159;61.920000000;25000
USD000UTSTOM;0;20180518;101159;61.920000000;13000
USD000UTSTOM;0;20180518;101159;61.920000000;1000
USD000UTSTOM;0;20180518;101159;61.920000000;148000
USD000UTSTOM;0;20180518;101159;61.920000000;277000
USD000UTSTOM;0;20180518;101159;61.920000000;181000
USD000UTSTOM;0;20180518;101159;61.920000000;32000
USD000UTSTOM;0;20180518;101159;61.920000000;52000
USD000UTSTOM;0;20180518;101159;61.920000000;100000
USD000UTSTOM;0;20180518;101159;61.920000000;50000
USD000UTSTOM;0;20180518;101159;61.920000000;36000
USD000UTSTOM;0;20180518;101159;61.920000000;100000
USD000UTSTOM;0;20180518;101159;61.920000000;218000
USD000UTSTOM;0;20180518;101159;61.920000000;215000
USD000UTSTOM;0;20180518;101159;61.920000000;11000
USD000UTSTOM;0;20180518;101159;61.920000000;224000
USD000UTSTOM;0;20180518;101159;61.920000000;233000
USD000UTSTOM;0;20180518;101159;61.920000000;13000
USD000UTSTOM;0;20180518;101159;61.920000000;57000
USD000UTSTOM;0;20180518;101159;61.920000000;200000
USD000UTSTOM;0;20180518;101159;61.920000000;36000
USD000UTSTOM;0;20180518;101159;61.920000000;100000
USD000UTSTOM;0;20180518;101159;61.920000000;100000
USD000UTSTOM;0;20180518;101159;61.920000000;22000
USD000UTSTOM;0;20180518;101159;61.920000000;72000
USD000UTSTOM;0;20180518;101159;61.920000000;50000
USD000UTSTOM;0;20180518;101159;61.920000000;50000
USD000UTSTOM;0;20180518;101159;61.920000000;43000
USD000UTSTOM;0;20180518;101200;61.920000000;857000
USD000UTSTOM;0;20180518;101200;61.920000000;13000
USD000UTSTOM;0;20180518;101200;61.927500000;100000
USD000UTSTOM;0;20180518;101200;61.930000000;43000
USD000UTSTOM;0;20180518;101200;61.925000000;50000
USD000UTSTOM;0;20180518;101200;61.930000000;6000
USD000UTSTOM;0;20180518;101200;61.930000000;15000
USD000UTSTOM;0;20180518;101200;61.930000000;11000
USD000UTSTOM;0;20180518;101200;61.930000000;3000
USD000UTSTOM;0;20180518;101200;61.930000000;15000
USD000UTSTOM;0;20180518;101200;61.937500000;25000
USD000UTSTOM;0;20180518;101200;61.942500000;50000
USD000UTSTOM;0;20180518;101201;61.945000000;14000
USD000UTSTOM;0;20180518;101201;61.932500000;50000
USD000UTSTOM;0;20180518;101201;61.932500000;135000
USD000UTSTOM;0;20180518;101201;61.935000000;200000
USD000UTSTOM;0;20180518;101201;61.935000000;50000
USD000UTSTOM;0;20180518;101201;61.937500000;50000
USD000UTSTOM;0;20180518;101201;61.937500000;200000
USD000UTSTOM;0;20180518;101201;61.937500000;50000
USD000UTSTOM;0;20180518;101201;61.937500000;150000
USD000UTSTOM;0;20180518;101201;61.937500000;300000
USD000UTSTOM;0;20180518;101201;61.940000000;50000
USD000UTSTOM;0;20180518;101203;61.930000000;200000
USD000UTSTOM;0;20180518;101204;61.930000000;50000
USD000UTSTOM;0;20180518;101204;61.925000000;50000
USD000UTSTOM;0;20180518;101204;61.925000000;100000
USD000UTSTOM;0;20180518;101204;61.925000000;50000
USD000UTSTOM;0;20180518;101204;61.922500000;200000
USD000UTSTOM;0;20180518;101204;61.922500000;50000
USD000UTSTOM;0;20180518;101204;61.920000000;30000
USD000UTSTOM;0;20180518;101204;61.920000000;50000
USD000UTSTOM;0;20180518;101204;61.920000000;31000
USD000UTSTOM;0;20180518;101204;61.920000000;200000
USD000UTSTOM;0;20180518;101204;61.915000000;200000
USD000UTSTOM;0;20180518;101204;61.915000000;250000
USD000UTSTOM;0;20180518;101204;61.915000000;50000
USD000UTSTOM;0;20180518;101204;61.912500000;90000
USD000UTSTOM;0;20180518;101204;61.912500000;50000
USD000UTSTOM;0;20180518;101204;61.912500000;250000
USD000UTSTOM;0;20180518;101204;61.912500000;200000
USD000UTSTOM;0;20180518;101204;61.912500000;100000
USD000UTSTOM;0;20180518;101204;61.910000000;63000
USD000UTSTOM;0;20180518;101204;61.910000000;1000000
USD000UTSTOM;0;20180518;101204;61.910000000;202000
USD000UTSTOM;0;20180518;101204;61.910000000;150000
USD000UTSTOM;0;20180518;101204;61.910000000;584000
USD000UTSTOM;0;20180518;101204;61.910000000;2584000
USD000UTSTOM;0;20180518;101204;61.910000000;250000
USD000UTSTOM;0;20180518;101204;61.910000000;584000
USD000UTSTOM;0;20180518;101204;61.910000000;100000
USD000UTSTOM;0;20180518;101204;61.910000000;100000
USD000UTSTOM;0;20180518;101204;61.910000000;583000
USD000UTSTOM;0;20180518;101204;61.910000000;164000
USD000UTSTOM;0;20180518;101204;61.907500000;50000
USD000UTSTOM;0;20180518;101204;61.905000000;50000
USD000UTSTOM;0;20180518;101204;61.910000000;50000
USD000UTSTOM;0;20180518;101204;61.910000000;416000
USD000UTSTOM;0;20180518;101204;61.910000000;200000
USD000UTSTOM;0;20180518;101204;61.910000000;60000
USD000UTSTOM;0;20180518;101204;61.907500000;100000
USD000UTSTOM;0;20180518;101204;61.910000000;150000
USD000UTSTOM;0;20180518;101204;61.905000000;250000
USD000UTSTOM;0;20180518;101204;61.905000000;350000
USD000UTSTOM;0;20180518;101204;61.910000000;100000
USD000UTSTOM;0;20180518;101204;61.905000000;54000
USD000UTSTOM;0;20180518;101204;61.905000000;96000
USD000UTSTOM;0;20180518;101204;61.907500000;26000
USD000UTSTOM;0;20180518;101204;61.902500000;54000
USD000UTSTOM;0;20180518;101204;61.902500000;146000
USD000UTSTOM;0;20180518;101204;61.907500000;174000
USD000UTSTOM;0;20180518;101204;61.907500000;50000
USD000UTSTOM;0;20180518;101204;61.910000000;276000
USD000UTSTOM;0;20180518;101204;61.910000000;101000
USD000UTSTOM;0;20180518;101204;61.902500000;50000
USD000UTSTOM;0;20180518;101204;61.900000000;100000
USD000UTSTOM;0;20180518;101204;61.900000000;51000
USD000UTSTOM;0;20180518;101204;61.900000000;196000
USD000UTSTOM;0;20180518;101204;61.900000000;1000
USD000UTSTOM;0;20180518;101204;61.900000000;100000
USD000UTSTOM;0;20180518;101204;61.900000000;50000
USD000UTSTOM;0;20180518;101204;61.900000000;1000
USD000UTSTOM;0;20180518;101204;61.900000000;6000
USD000UTSTOM;0;20180518;101204;61.907500000;50000
USD000UTSTOM;0;20180518;101204;61.907500000;150000
USD000UTSTOM;0;20180518;101204;61.900000000;44000
USD000UTSTOM;0;20180518;101204;61.900000000;50000
USD000UTSTOM;0;20180518;101204;61.900000000;1000
USD000UTSTOM;0;20180518;101204;61.900000000;200000
USD000UTSTOM;0;20180518;101204;61.900000000;200000
USD000UTSTOM;0;20180518;101204;61.897500000;50000
USD000UTSTOM;0;20180518;101204;61.900000000;102000
USD000UTSTOM;0;20180518;101204;61.907500000;200000
USD000UTSTOM;0;20180518;101204;61.907500000;50000
USD000UTSTOM;0;20180518;101204;61.907500000;58000
USD000UTSTOM;0;20180518;101204;61.910000000;332000
USD000UTSTOM;0;20180518;101204;61.895000000;50000
USD000UTSTOM;0;20180518;101204;61.895000000;2000
USD000UTSTOM;0;20180518;101204;61.895000000;48000
USD000UTSTOM;0;20180518;101204;61.895000000;2000
USD000UTSTOM;0;20180518;101204;61.897500000;200000
USD000UTSTOM;0;20180518;101204;61.900000000;50000
USD000UTSTOM;0;20180518;101204;61.902500000;200000
USD000UTSTOM;0;20180518;101204;61.897500000;100000
USD000UTSTOM;0;20180518;101204;61.895000000;50000
USD000UTSTOM;0;20180518;101204;61.892500000;39000
USD000UTSTOM;0;20180518;101204;61.892500000;11000
USD000UTSTOM;0;20180518;101204;61.892500000;48000
USD000UTSTOM;0;20180518;101204;61.890000000;5000
USD000UTSTOM;0;20180518;101204;61.890000000;5000
USD000UTSTOM;0;20180518;101204;61.890000000;50000
USD000UTSTOM;0;20180518;101204;61.890000000;50000
USD000UTSTOM;0;20180518;101204;61.887500000;30000
USD000UTSTOM;0;20180518;101204;61.887500000;1000
USD000UTSTOM;0;20180518;101204;61.887500000;50000
USD000UTSTOM;0;20180518;101204;61.885000000;45000
USD000UTSTOM;0;20180518;101205;61.895000000;57000
USD000UTSTOM;0;20180518;101205;61.900000000;11000
USD000UTSTOM;0;20180518;101209;61.902500000;150000
USD000UTSTOM;0;20180518;101209;61.902500000;50000
USD000UTSTOM;0;20180518;101209;61.905000000;69000
USD000UTSTOM;0;20180518;101209;61.905000000;131000
USD000UTSTOM;0;20180518;101209;61.905000000;500000
USD000UTSTOM;0;20180518;101209;61.905000000;369000
USD000UTSTOM;0;20180518;101209;61.907500000;150000
USD000UTSTOM;0;20180518;101209;61.900000000;200000
USD000UTSTOM;0;20180518;101210;61.905000000;50000
USD000UTSTOM;0;20180518;101210;61.902500000;50000
USD000UTSTOM;0;20180518;101214;61.905000000;68000
USD000UTSTOM;0;20180518;101214;61.905000000;50000
USD000UTSTOM;0;20180518;101214;61.905000000;200000
USD000UTSTOM;0;20180518;101214;61.905000000;50000
USD000UTSTOM;0;20180518;101214;61.905000000;632000
USD000UTSTOM;0;20180518;101214;61.905000000;68000
USD000UTSTOM;0;20180518;101215;61.905000000;200000
USD000UTSTOM;0;20180518;101215;61.910000000;60000
USD000UTSTOM;0;20180518;101215;61.910000000;110000
USD000UTSTOM;0;20180518;101215;61.910000000;630000
USD000UTSTOM;0;20180518;101215;61.915000000;2000
USD000UTSTOM;0;20180518;101215;61.915000000;3000
USD000UTSTOM;0;20180518;101216;61.907500000;200000
USD000UTSTOM;0;20180518;101216;61.905000000;33000
USD000UTSTOM;0;20180518;101217;61.917500000;202000
USD000UTSTOM;0;20180518;101217;61.922500000;50000
USD000UTSTOM;0;20180518;101217;61.922500000;90000
USD000UTSTOM;0;20180518;101217;61.922500000;200000
USD000UTSTOM;0;20180518;101217;61.922500000;50000
USD000UTSTOM;0;20180518;101217;61.920000000;200000
USD000UTSTOM;0;20180518;101217;61.917500000;200000
USD000UTSTOM;0;20180518;101217;61.917500000;50000
USD000UTSTOM;0;20180518;101217;61.917500000;50000
USD000UTSTOM;0;20180518;101217;61.915000000;500000
USD000UTSTOM;0;20180518;101217;61.912500000;200000
USD000UTSTOM;0;20180518;101217;61.912500000;50000
USD000UTSTOM;0;20180518;101217;61.912500000;50000
USD000UTSTOM;0;20180518;101217;61.910000000;200000
USD000UTSTOM;0;20180518;101217;61.910000000;50000
USD000UTSTOM;0;20180518;101217;61.907500000;50000
USD000UTSTOM;0;20180518;101217;61.907500000;50000
USD000UTSTOM;0;20180518;101217;61.905000000;18000
USD000UTSTOM;0;20180518;101217;61.905000000;50000
USD000UTSTOM;0;20180518;101217;61.905000000;50000
USD000UTSTOM;0;20180518;101217;61.902500000;200000
USD000UTSTOM;0;20180518;101217;61.902500000;50000
USD000UTSTOM;0;20180518;101217;61.902500000;250000
USD000UTSTOM;0;20180518;101217;61.900000000;50000
USD000UTSTOM;0;20180518;101217;61.900000000;1000000
USD000UTSTOM;0;20180518;101217;61.900000000;250000
USD000UTSTOM;0;20180518;101217;61.900000000;50000
USD000UTSTOM;0;20180518;101217;61.900000000;100000
USD000UTSTOM;0;20180518;101217;61.900000000;1182000
USD000UTSTOM;0;20180518;101217;61.900000000;182000
USD000UTSTOM;0;20180518;101217;61.900000000;182000
USD000UTSTOM;0;20180518;101217;61.900000000;182000
USD000UTSTOM;0;20180518;101217;61.900000000;182000
USD000UTSTOM;0;20180518;101217;61.900000000;182000
USD000UTSTOM;0;20180518;101217;61.900000000;182000
USD000UTSTOM;0;20180518;101217;61.900000000;100000
USD000UTSTOM;0;20180518;101217;61.900000000;182000
USD000UTSTOM;0;20180518;101217;61.900000000;50000
USD000UTSTOM;0;20180518;101217;61.900000000;54000
USD000UTSTOM;0;20180518;101217;61.897500000;50000
USD000UTSTOM;0;20180518;101217;61.900000000;182000
USD000UTSTOM;0;20180518;101217;61.900000000;225000
USD000UTSTOM;0;20180518;101217;61.900000000;50000
USD000UTSTOM;0;20180518;101217;61.900000000;50000
USD000UTSTOM;0;20180518;101217;61.900000000;300000
USD000UTSTOM;0;20180518;101217;61.900000000;118000
USD000UTSTOM;0;20180518;101217;61.900000000;98000
USD000UTSTOM;0;20180518;101217;61.900000000;643000
USD000UTSTOM;0;20180518;101217;61.900000000;182000
USD000UTSTOM;0;20180518;101217;61.900000000;200000
USD000UTSTOM;0;20180518;101217;61.900000000;300000
USD000UTSTOM;0;20180518;101217;61.900000000;50000
USD000UTSTOM;0;20180518;101217;61.900000000;56000
USD000UTSTOM;0;20180518;101217;61.900000000;50000
USD000UTSTOM;0;20180518;101217;61.900000000;100000
USD000UTSTOM;0;20180518;101217;61.900000000;50000
USD000UTSTOM;0;20180518;101217;61.897500000;150000
USD000UTSTOM;0;20180518;101217;61.897500000;100000
USD000UTSTOM;0;20180518;101217;61.895000000;250000
USD000UTSTOM;0;20180518;101217;61.900000000;50000
USD000UTSTOM;0;20180518;101217;61.900000000;28000
USD000UTSTOM;0;20180518;101217;61.900000000;648000
USD000UTSTOM;0;20180518;101217;61.900000000;312000
USD000UTSTOM;0;20180518;101217;61.900000000;150000
USD000UTSTOM;0;20180518;101217;61.900000000;476000
USD000UTSTOM;0;20180518;101217;61.897500000;50000
USD000UTSTOM;0;20180518;101217;61.900000000;318000
USD000UTSTOM;0;20180518;101217;61.900000000;150000
USD000UTSTOM;0;20180518;101217;61.900000000;1000000
USD000UTSTOM;0;20180518;101217;61.897500000;50000
USD000UTSTOM;0;20180518;101217;61.897500000;56000
USD000UTSTOM;0;20180518;101217;61.897500000;50000
USD000UTSTOM;0;20180518;101220;61.890000000;12000
USD000UTSTOM;0;20180518;101220;61.887500000;200000
USD000UTSTOM;0;20180518;101223;61.887500000;50000
USD000UTSTOM;0;20180518;101223;61.890000000;50000
USD000UTSTOM;0;20180518;101223;61.890000000;50000
USD000UTSTOM;0;20180518;101223;61.890000000;100000
USD000UTSTOM;0;20180518;101223;61.890000000;90000
USD000UTSTOM;0;20180518;101223;61.890000000;56000
USD000UTSTOM;0;20180518;101224;61.897500000;200000
USD000UTSTOM;0;20180518;101224;61.897500000;25000
USD000UTSTOM;0;20180518;101224;61.897500000;25000
USD000UTSTOM;0;20180518;101224;61.897500000;75000
USD000UTSTOM;0;20180518;101224;61.897500000;250000
USD000UTSTOM;0;20180518;101224;61.900000000;12000
USD000UTSTOM;0;20180518;101224;61.900000000;11000
USD000UTSTOM;0;20180518;101224;61.900000000;2000
USD000UTSTOM;0;20180518;101224;61.900000000;1000
USD000UTSTOM;0;20180518;101225;61.900000000;1000
USD000UTSTOM;0;20180518;101225;61.900000000;1000
USD000UTSTOM;0;20180518;101225;61.897500000;79000
USD000UTSTOM;0;20180518;101225;61.897500000;121000
USD000UTSTOM;0;20180518;101225;61.900000000;73000
USD000UTSTOM;0;20180518;101226;61.895000000;150000
USD000UTSTOM;0;20180518;101226;61.895000000;50000
USD000UTSTOM;0;20180518;101226;61.897500000;157000
USD000UTSTOM;0;20180518;101227;61.897500000;50000
USD000UTSTOM;0;20180518;101227;61.900000000;435000
USD000UTSTOM;0;20180518;101231;61.895000000;200000
USD000UTSTOM;0;20180518;101232;61.895000000;54000
USD000UTSTOM;0;20180518;101232;61.895000000;196000
USD000UTSTOM;0;20180518;101232;61.897500000;400000
USD000UTSTOM;0;20180518;101232;61.897500000;202000
USD000UTSTOM;0;20180518;101232;61.897500000;50000
USD000UTSTOM;0;20180518;101232;61.897500000;50000
USD000UTSTOM;0;20180518;101234;61.900000000;50000
USD000UTSTOM;0;20180518;101234;61.900000000;300000
USD000UTSTOM;0;20180518;101234;61.897500000;16000
USD000UTSTOM;0;20180518;101234;61.897500000;49000
USD000UTSTOM;0;20180518;101234;61.897500000;15000
USD000UTSTOM;0;20180518;101236;61.890000000;50000
USD000UTSTOM;0;20180518;101238;61.895000000;50000
USD000UTSTOM;0;20180518;101238;61.895000000;50000
USD000UTSTOM;0;20180518;101238;61.897500000;200000
USD000UTSTOM;0;20180518;101238;61.897500000;50000
USD000UTSTOM;0;20180518;101238;61.897500000;50000
USD000UTSTOM;0;20180518;101238;61.897500000;100000
USD000UTSTOM;0;20180518;101238;61.897500000;45000
USD000UTSTOM;0;20180518;101238;61.897500000;30000
USD000UTSTOM;0;20180518;101238;61.897500000;100000
USD000UTSTOM;0;20180518;101238;61.900000000;175000
USD000UTSTOM;0;20180518;101240;61.897500000;200000
USD000UTSTOM;0;20180518;101240;61.897500000;38000
USD000UTSTOM;0;20180518;101244;61.897500000;62000
USD000UTSTOM;0;20180518;101244;61.897500000;238000
USD000UTSTOM;0;20180518;101244;61.895000000;15000
USD000UTSTOM;0;20180518;101248;61.900000000;25000
USD000UTSTOM;0;20180518;101249;61.900000000;18000
USD000UTSTOM;0;20180518;101249;61.900000000;43000
USD000UTSTOM;0;20180518;101249;61.900000000;4000
USD000UTSTOM;0;20180518;101249;61.900000000;49000
USD000UTSTOM;0;20180518;101249;61.900000000;9000
USD000UTSTOM;0;20180518;101249;61.900000000;677000
USD000UTSTOM;0;20180518;101249;61.900000000;20000
USD000UTSTOM;0;20180518;101249;61.900000000;303000
USD000UTSTOM;0;20180518;101249;61.900000000;300000
USD000UTSTOM;0;20180518;101249;61.900000000;50000
USD000UTSTOM;0;20180518;101249;61.900000000;397000
USD000UTSTOM;0;20180518;101249;61.900000000;397000
USD000UTSTOM;0;20180518;101249;61.900000000;106000
USD000UTSTOM;0;20180518;101249;61.900000000;15000
USD000UTSTOM;0;20180518;101249;61.900000000;291000
USD000UTSTOM;0;20180518;101249;61.900000000;51000
USD000UTSTOM;0;20180518;101249;61.900000000;50000
USD000UTSTOM;0;20180518;101249;61.900000000;802000
USD000UTSTOM;0;20180518;101249;61.900000000;50000
USD000UTSTOM;0;20180518;101249;61.900000000;74000
USD000UTSTOM;0;20180518;101249;61.900000000;35000
USD000UTSTOM;0;20180518;101249;61.900000000;50000
USD000UTSTOM;0;20180518;101249;61.900000000;10000
USD000UTSTOM;0;20180518;101249;61.900000000;369000
USD000UTSTOM;0;20180518;101249;61.900000000;50000
USD000UTSTOM;0;20180518;101249;61.900000000;100000
USD000UTSTOM;0;20180518;101249;61.900000000;52000
USD000UTSTOM;0;20180518;101249;61.900000000;136000
USD000UTSTOM;0;20180518;101249;61.900000000;65000
USD000UTSTOM;0;20180518;101249;61.900000000;5000
USD000UTSTOM;0;20180518;101249;61.900000000;146000
USD000UTSTOM;0;20180518;101249;61.900000000;50000
USD000UTSTOM;0;20180518;101249;61.900000000;50000
USD000UTSTOM;0;20180518;101249;61.900000000;312000
USD000UTSTOM;0;20180518;101249;61.900000000;57000
USD000UTSTOM;0;20180518;101249;61.900000000;51000
USD000UTSTOM;0;20180518;101249;61.900000000;291000
USD000UTSTOM;0;20180518;101249;61.900000000;50000
USD000UTSTOM;0;20180518;101249;61.900000000;118000
USD000UTSTOM;0;20180518;101249;61.900000000;200000
USD000UTSTOM;0;20180518;101249;61.900000000;56000
USD000UTSTOM;0;20180518;101249;61.900000000;16000
USD000UTSTOM;0;20180518;101249;61.900000000;63000
USD000UTSTOM;0;20180518;101249;61.900000000;152000
USD000UTSTOM;0;20180518;101249;61.900000000;50000
USD000UTSTOM;0;20180518;101249;61.900000000;86000
USD000UTSTOM;0;20180518;101249;61.900000000;50000
USD000UTSTOM;0;20180518;101249;61.900000000;7000
USD000UTSTOM;0;20180518;101249;61.900000000;164000
USD000UTSTOM;0;20180518;101249;61.900000000;95000
USD000UTSTOM;0;20180518;101249;61.900000000;91000
USD000UTSTOM;0;20180518;101249;61.900000000;37000
USD000UTSTOM;0;20180518;101249;61.905000000;2000
USD000UTSTOM;0;20180518;101249;61.907500000;57000
USD000UTSTOM;0;20180518;101249;61.907500000;45000
USD000UTSTOM;0;20180518;101249;61.907500000;100000
USD000UTSTOM;0;20180518;101249;61.907500000;16000
USD000UTSTOM;0;20180518;101249;61.910000000;44000
USD000UTSTOM;0;20180518;101249;61.905000000;25000
USD000UTSTOM;0;20180518;101249;61.905000000;50000
USD000UTSTOM;0;20180518;101249;61.905000000;52000
USD000UTSTOM;0;20180518;101249;61.902500000;90000
USD000UTSTOM;0;20180518;101249;61.902500000;50000
USD000UTSTOM;0;20180518;101249;61.900000000;27000
USD000UTSTOM;0;20180518;101249;61.900000000;23000
USD000UTSTOM;0;20180518;101249;61.897500000;12000
USD000UTSTOM;0;20180518;101249;61.897500000;26000
USD000UTSTOM;0;20180518;101249;61.897500000;7000
USD000UTSTOM;0;20180518;101249;61.890000000;200000
USD000UTSTOM;0;20180518;101249;61.887500000;50000
USD000UTSTOM;0;20180518;101249;61.885000000;500000
USD000UTSTOM;0;20180518;101249;61.885000000;2000
USD000UTSTOM;0;20180518;101249;61.885000000;100000
USD000UTSTOM;0;20180518;101249;61.885000000;100000
USD000UTSTOM;0;20180518;101249;61.885000000;50000
USD000UTSTOM;0;20180518;101249;61.885000000;15000
USD000UTSTOM;0;20180518;101249;61.885000000;383000
USD000UTSTOM;0;20180518;101249;61.892500000;50000
USD000UTSTOM;0;20180518;101249;61.892500000;50000
USD000UTSTOM;0;20180518;101249;61.890000000;14000
USD000UTSTOM;0;20180518;101249;61.897500000;20000
USD000UTSTOM;0;20180518;101249;61.900000000;50000
USD000UTSTOM;0;20180518;101249;61.900000000;50000
USD000UTSTOM;0;20180518;101250;61.902500000;5000
USD000UTSTOM;0;20180518;101250;61.902500000;7000
USD000UTSTOM;0;20180518;101250;61.902500000;1000
USD000UTSTOM;0;20180518;101251;61.907500000;5000
USD000UTSTOM;0;20180518;101251;61.900000000;3000
USD000UTSTOM;0;20180518;101251;61.905000000;86000
USD000UTSTOM;0;20180518;101251;61.905000000;300000
USD000UTSTOM;0;20180518;101251;61.905000000;14000
USD000UTSTOM;0;20180518;101251;61.907500000;51000
USD000UTSTOM;0;20180518;101251;61.907500000;99000
USD000UTSTOM;0;20180518;101253;61.907500000;1000
USD000UTSTOM;0;20180518;101253;61.907500000;7000
USD000UTSTOM;0;20180518;101253;61.907500000;1000
USD000UTSTOM;0;20180518;101253;61.907500000;30000
USD000UTSTOM;0;20180518;101253;61.907500000;13000
USD000UTSTOM;0;20180518;101253;61.907500000;1000
USD000UTSTOM;0;20180518;101253;61.907500000;1000
USD000UTSTOM;0;20180518;101253;61.907500000;1000
USD000UTSTOM;0;20180518;101253;61.907500000;1000
USD000UTSTOM;0;20180518;101254;61.905000000;43000
USD000UTSTOM;0;20180518;101254;61.905000000;4000
USD000UTSTOM;0;20180518;101257;61.902500000;50000
USD000UTSTOM;0;20180518;101257;61.902500000;50000
USD000UTSTOM;0;20180518;101257;61.905000000;7000
USD000UTSTOM;0;20180518;101257;61.905000000;16000
USD000UTSTOM;0;20180518;101258;61.907500000;5000
USD000UTSTOM;0;20180518;101306;61.900000000;30000
USD000UTSTOM;0;20180518;101307;61.900000000;50000
USD000UTSTOM;0;20180518;101307;61.900000000;1000
USD000UTSTOM;0;20180518;101307;61.900000000;10000
USD000UTSTOM;0;20180518;101307;61.900000000;30000
USD000UTSTOM;0;20180518;101311;61.905000000;50000
USD000UTSTOM;0;20180518;101311;61.910000000;1000
USD000UTSTOM;0;20180518;101312;61.910000000;51000
USD000UTSTOM;0;20180518;101314;61.910000000;1000
USD000UTSTOM;0;20180518;101315;61.910000000;41000
USD000UTSTOM;0;20180518;101318;61.910000000;59000
USD000UTSTOM;0;20180518;101318;61.910000000;30000
USD000UTSTOM;0;20180518;101319;61.910000000;30000
USD000UTSTOM;0;20180518;101319;61.910000000;25000
USD000UTSTOM;0;20180518;101320;61.910000000;200000
USD000UTSTOM;0;20180518;101320;61.905000000;50000
USD000UTSTOM;0;20180518;101321;61.905000000;19000
USD000UTSTOM;0;20180518;101321;61.905000000;3000
USD000UTSTOM;0;20180518;101321;61.902500000;50000
USD000UTSTOM;0;20180518;101321;61.900000000;1000
USD000UTSTOM;0;20180518;101321;61.900000000;18000
USD000UTSTOM;0;20180518;101325;61.905000000;172000
USD000UTSTOM;0;20180518;101325;61.907500000;198000
USD000UTSTOM;0;20180518;101325;61.910000000;302000
USD000UTSTOM;0;20180518;101325;61.910000000;1000
USD000UTSTOM;0;20180518;101331;61.910000000;100000
USD000UTSTOM;0;20180518;101334;61.910000000;58000
USD000UTSTOM;0;20180518;101335;61.910000000;2000
USD000UTSTOM;0;20180518;101336;61.910000000;20000
USD000UTSTOM;0;20180518;101338;61.910000000;31000
USD000UTSTOM;0;20180518;101339;61.910000000;40000
USD000UTSTOM;0;20180518;101339;61.910000000;36000
USD000UTSTOM;0;20180518;101339;61.910000000;36000
USD000UTSTOM;0;20180518;101339;61.910000000;41000
USD000UTSTOM;0;20180518;101339;61.910000000;50000
USD000UTSTOM;0;20180518;101339;61.910000000;60000
USD000UTSTOM;0;20180518;101339;61.910000000;33000
USD000UTSTOM;0;20180518;101339;61.910000000;30000
USD000UTSTOM;0;20180518;101339;61.910000000;27000
USD000UTSTOM;0;20180518;101339;61.910000000;20000
USD000UTSTOM;0;20180518;101341;61.910000000;15000
USD000UTSTOM;0;20180518;101341;61.910000000;47000
USD000UTSTOM;0;20180518;101341;61.910000000;111000
USD000UTSTOM;0;20180518;101341;61.910000000;9000
USD000UTSTOM;0;20180518;101341;61.910000000;125000
USD000UTSTOM;0;20180518;101341;61.910000000;67000
USD000UTSTOM;0;20180518;101341;61.910000000;50000
USD000UTSTOM;0;20180518;101341;61.910000000;50000
USD000UTSTOM;0;20180518;101341;61.910000000;51000
USD000UTSTOM;0;20180518;101341;61.910000000;50000
USD000UTSTOM;0;20180518;101341;61.910000000;50000
USD000UTSTOM;0;20180518;101341;61.910000000;50000
USD000UTSTOM;0;20180518;101341;61.910000000;35000
USD000UTSTOM;0;20180518;101341;61.910000000;2000
USD000UTSTOM;0;20180518;101341;61.910000000;120000
USD000UTSTOM;0;20180518;101341;61.910000000;56000
USD000UTSTOM;0;20180518;101341;61.910000000;30000
USD000UTSTOM;0;20180518;101341;61.910000000;2713000
USD000UTSTOM;0;20180518;101341;61.915000000;50000
USD000UTSTOM;0;20180518;101341;61.917500000;15000
USD000UTSTOM;0;20180518;101341;61.917500000;135000
USD000UTSTOM;0;20180518;101341;61.925000000;62000
USD000UTSTOM;0;20180518;101341;61.925000000;64000
USD000UTSTOM;0;20180518;101343;61.925000000;1000
USD000UTSTOM;0;20180518;101345;61.930000000;6000
USD000UTSTOM;0;20180518;101348;61.930000000;10000
USD000UTSTOM;0;20180518;101349;61.925000000;48000
USD000UTSTOM;0;20180518;101349;61.922500000;50000
USD000UTSTOM;0;20180518;101349;61.915000000;200000
USD000UTSTOM;0;20180518;101351;61.915000000;152000
USD000UTSTOM;0;20180518;101355;61.917500000;15000
USD000UTSTOM;0;20180518;101357;61.917500000;12000
USD000UTSTOM;0;20180518;101357;61.920000000;8000
USD000UTSTOM;0;20180518;101402;61.932500000;44000
USD000UTSTOM;0;20180518;101405;61.937500000;30000
USD000UTSTOM;0;20180518;101405;61.937500000;50000
USD000UTSTOM;0;20180518;101405;61.940000000;39000
USD000UTSTOM;0;20180518;101406;61.940000000;10000
USD000UTSTOM;0;20180518;101407;61.940000000;1000
USD000UTSTOM;0;20180518;101410;61.935000000;50000
USD000UTSTOM;0;20180518;101411;61.935000000;119000
USD000UTSTOM;0;20180518;101412;61.937500000;50000
USD000UTSTOM;0;20180518;101412;61.940000000;39000
USD000UTSTOM;0;20180518;101412;61.940000000;15000
USD000UTSTOM;0;20180518;101416;61.940000000;1000
USD000UTSTOM;0;20180518;101416;61.937500000;50000
USD000UTSTOM;0;20180518;101419;61.940000000;81000
USD000UTSTOM;0;20180518;101419;61.940000000;50000
USD000UTSTOM;0;20180518;101420;61.932500000;16000
USD000UTSTOM;0;20180518;101426;61.940000000;50000
USD000UTSTOM;0;20180518;101426;61.940000000;150000
USD000UTSTOM;0;20180518;101426;61.940000000;102000
USD000UTSTOM;0;20180518;101426;61.940000000;150000
USD000UTSTOM;0;20180518;101428;61.940000000;60000
USD000UTSTOM;0;20180518;101428;61.932500000;1000
USD000UTSTOM;0;20180518;101432;61.932500000;33000
USD000UTSTOM;0;20180518;101432;61.932500000;2000
USD000UTSTOM;0;20180518;101432;61.932500000;16000
USD000UTSTOM;0;20180518;101432;61.930000000;200000
USD000UTSTOM;0;20180518;101436;61.932500000;1000
USD000UTSTOM;0;20180518;101437;61.925000000;200000
USD000UTSTOM;0;20180518;101443;61.920000000;1000
USD000UTSTOM;0;20180518;101444;61.930000000;119000
USD000UTSTOM;0;20180518;101446;61.930000000;10000
USD000UTSTOM;0;20180518;101446;61.932500000;60000
USD000UTSTOM;0;20180518;101455;61.927500000;2000
USD000UTSTOM;0;20180518;101456;61.932500000;52000
USD000UTSTOM;0;20180518;101456;61.932500000;186000
USD000UTSTOM;0;20180518;101458;61.927500000;50000
USD000UTSTOM;0;20180518;101458;61.930000000;12000
USD000UTSTOM;0;20180518;101458;61.930000000;176000
USD000UTSTOM;0;20180518;101459;61.927500000;50000
USD000UTSTOM;0;20180518;101459;61.930000000;85000
USD000UTSTOM;0;20180518;101501;61.930000000;5000
USD000UTSTOM;0;20180518;101504;61.935000000;60000
USD000UTSTOM;0;20180518;101510;61.925000000;66000
USD000UTSTOM;0;20180518;101510;61.930000000;50000
USD000UTSTOM;0;20180518;101521;61.935000000;50000
USD000UTSTOM;0;20180518;101521;61.935000000;200000
USD000UTSTOM;0;20180518;101521;61.935000000;50000
USD000UTSTOM;0;20180518;101521;61.935000000;50000
USD000UTSTOM;0;20180518;101521;61.935000000;90000
USD000UTSTOM;0;20180518;101522;61.940000000;10000
USD000UTSTOM;0;20180518;101523;61.935000000;20000
USD000UTSTOM;0;20180518;101523;61.940000000;100000
USD000UTSTOM;0;20180518;101524;61.935000000;30000
USD000UTSTOM;0;20180518;101524;61.932500000;150000
USD000UTSTOM;0;20180518;101524;61.925000000;50000
USD000UTSTOM;0;20180518;101524;61.925000000;200000
USD000UTSTOM;0;20180518;101524;61.925000000;10000
USD000UTSTOM;0;20180518;101524;61.925000000;250000
USD000UTSTOM;0;20180518;101524;61.925000000;270000
USD000UTSTOM;0;20180518;101524;61.922500000;23000
USD000UTSTOM;0;20180518;101524;61.927500000;50000
USD000UTSTOM;0;20180518;101524;61.930000000;90000
USD000UTSTOM;0;20180518;101524;61.930000000;110000
USD000UTSTOM;0;20180518;101526;61.930000000;14000
USD000UTSTOM;0;20180518;101529;61.930000000;200000
USD000UTSTOM;0;20180518;101529;61.932500000;150000
USD000UTSTOM;0;20180518;101532;61.930000000;8000
USD000UTSTOM;0;20180518;101534;61.937500000;28000
USD000UTSTOM;0;20180518;101536;61.937500000;200000
USD000UTSTOM;0;20180518;101536;61.937500000;150000
USD000UTSTOM;0;20180518;101541;61.940000000;30000
USD000UTSTOM;0;20180518;101542;61.940000000;2000
USD000UTSTOM;0;20180518;101542;61.940000000;140000
USD000UTSTOM;0;20180518;101542;61.940000000;14000
USD000UTSTOM;0;20180518;101542;61.940000000;45000
USD000UTSTOM;0;20180518;101542;61.940000000;5000
USD000UTSTOM;0;20180518;101543;61.940000000;15000
USD000UTSTOM;0;20180518;101543;61.940000000;30000
USD000UTSTOM;0;20180518;101544;61.945000000;50000
USD000UTSTOM;0;20180518;101544;61.942500000;200000
USD000UTSTOM;0;20180518;101551;61.940000000;10000
USD000UTSTOM;0;20180518;101600;61.945000000;119000
USD000UTSTOM;0;20180518;101600;61.945000000;81000
USD000UTSTOM;0;20180518;101604;61.947500000;20000
USD000UTSTOM;0;20180518;101610;61.950000000;15000
USD000UTSTOM;0;20180518;101610;61.952500000;50000
USD000UTSTOM;0;20180518;101610;61.955000000;15000
USD000UTSTOM;0;20180518;101610;61.957500000;20000
USD000UTSTOM;0;20180518;101610;61.957500000;50000
USD000UTSTOM;0;20180518;101610;61.957500000;200000
USD000UTSTOM;0;20180518;101610;61.957500000;50000
USD000UTSTOM;0;20180518;101610;61.960000000;15000
USD000UTSTOM;0;20180518;101610;61.960000000;50000
USD000UTSTOM;0;20180518;101610;61.960000000;50000
USD000UTSTOM;0;20180518;101610;61.960000000;50000
USD000UTSTOM;0;20180518;101611;61.950000000;10000
USD000UTSTOM;0;20180518;101620;61.960000000;50000
USD000UTSTOM;0;20180518;101623;61.950000000;3000
USD000UTSTOM;0;20180518;101626;61.957500000;20000
USD000UTSTOM;0;20180518;101626;61.960000000;50000
USD000UTSTOM;0;20180518;101626;61.960000000;175000
USD000UTSTOM;0;20180518;101627;61.960000000;11000
USD000UTSTOM;0;20180518;101628;61.955000000;50000
USD000UTSTOM;0;20180518;101628;61.952500000;5000
USD000UTSTOM;0;20180518;101628;61.952500000;500000
USD000UTSTOM;0;20180518;101631;61.960000000;160000
USD000UTSTOM;0;20180518;101633;61.950000000;50000
USD000UTSTOM;0;20180518;101633;61.950000000;200000
USD000UTSTOM;0;20180518;101633;61.950000000;100000
USD000UTSTOM;0;20180518;101633;61.950000000;1021000
USD000UTSTOM;0;20180518;101633;61.950000000;50000
USD000UTSTOM;0;20180518;101633;61.950000000;150000
USD000UTSTOM;0;20180518;101633;61.950000000;200000
USD000UTSTOM;0;20180518;101633;61.950000000;200000
USD000UTSTOM;0;20180518;101633;61.950000000;200000
USD000UTSTOM;0;20180518;101633;61.947500000;82000
USD000UTSTOM;0;20180518;101633;61.947500000;200000
USD000UTSTOM;0;20180518;101633;61.945000000;50000
USD000UTSTOM;0;20180518;101633;61.945000000;3000
USD000UTSTOM;0;20180518;101633;61.945000000;200000
USD000UTSTOM;0;20180518;101635;61.945000000;20000
USD000UTSTOM;0;20180518;101635;61.947500000;5000
USD000UTSTOM;0;20180518;101636;61.947500000;20000
USD000UTSTOM;0;20180518;101636;61.942500000;200000
USD000UTSTOM;0;20180518;101639;61.947500000;10000
USD000UTSTOM;0;20180518;101643;61.947500000;1000
USD000UTSTOM;0;20180518;101643;61.940000000;40000
USD000UTSTOM;0;20180518;101643;61.940000000;500000
USD000UTSTOM;0;20180518;101643;61.940000000;100000
USD000UTSTOM;0;20180518;101643;61.940000000;200000
USD000UTSTOM;0;20180518;101643;61.940000000;160000
USD000UTSTOM;0;20180518;101643;61.937500000;100000
USD000UTSTOM;0;20180518;101643;61.935000000;25000
USD000UTSTOM;0;20180518;101643;61.935000000;190000
USD000UTSTOM;0;20180518;101643;61.935000000;60000
USD000UTSTOM;0;20180518;101643;61.930000000;92000
USD000UTSTOM;0;20180518;101643;61.930000000;8000
USD000UTSTOM;0;20180518;101643;61.935000000;50000
USD000UTSTOM;0;20180518;101643;61.935000000;150000
USD000UTSTOM;0;20180518;101643;61.927500000;17000
USD000UTSTOM;0;20180518;101643;61.940000000;50000
USD000UTSTOM;0;20180518;101643;61.940000000;150000
USD000UTSTOM;0;20180518;101646;61.942500000;1000
USD000UTSTOM;0;20180518;101647;61.935000000;200000
USD000UTSTOM;0;20180518;101650;61.940000000;100000
USD000UTSTOM;0;20180518;101651;61.937500000;81000
USD000UTSTOM;0;20180518;101651;61.937500000;19000
USD000UTSTOM;0;20180518;101654;61.940000000;100000
USD000UTSTOM;0;20180518;101701;61.940000000;300000
USD000UTSTOM;0;20180518;101703;61.950000000;1000
USD000UTSTOM;0;20180518;101705;61.940000000;50000
USD000UTSTOM;0;20180518;101705;61.940000000;50000
USD000UTSTOM;0;20180518;101705;61.940000000;200000
USD000UTSTOM;0;20180518;101705;61.937500000;95000
USD000UTSTOM;0;20180518;101709;61.950000000;1000
USD000UTSTOM;0;20180518;101709;61.950000000;4000
USD000UTSTOM;0;20180518;101709;61.950000000;1000
USD000UTSTOM;0;20180518;101711;61.950000000;14000
USD000UTSTOM;0;20180518;101711;61.950000000;4000
USD000UTSTOM;0;20180518;101711;61.950000000;5000
USD000UTSTOM;0;20180518;101718;61.937500000;200000
USD000UTSTOM;0;20180518;101718;61.937500000;2000
USD000UTSTOM;0;20180518;101718;61.935000000;150000
USD000UTSTOM;0;20180518;101718;61.945000000;50000
USD000UTSTOM;0;20180518;101718;61.945000000;10000
USD000UTSTOM;0;20180518;101718;61.947500000;185000
USD000UTSTOM;0;20180518;101721;61.945000000;15000
USD000UTSTOM;0;20180518;101728;61.945000000;27000
USD000UTSTOM;0;20180518;101735;61.950000000;500000
USD000UTSTOM;0;20180518;101738;61.950000000;157000
USD000UTSTOM;0;20180518;101738;61.950000000;137000
USD000UTSTOM;0;20180518;101739;61.950000000;19000
USD000UTSTOM;0;20180518;101739;61.945000000;50000
USD000UTSTOM;0;20180518;101739;61.940000000;20000
USD000UTSTOM;0;20180518;101742;61.947500000;50000
USD000UTSTOM;0;20180518;101742;61.950000000;49000
USD000UTSTOM;0;20180518;101757;61.940000000;200000
USD000UTSTOM;0;20180518;101759;61.942500000;50000
USD000UTSTOM;0;20180518;101812;61.947500000;32000
USD000UTSTOM;0;20180518;101814;61.950000000;3000
USD000UTSTOM;0;20180518;101814;61.950000000;1000
USD000UTSTOM;0;20180518;101825;61.945000000;302000
USD000UTSTOM;0;20180518;101825;61.945000000;50000
USD000UTSTOM;0;20180518;101825;61.945000000;98000
USD000UTSTOM;0;20180518;101825;61.947500000;20000
USD000UTSTOM;0;20180518;101825;61.950000000;80000
USD000UTSTOM;0;20180518;101825;61.950000000;50000
USD000UTSTOM;0;20180518;101826;61.945000000;50000
USD000UTSTOM;0;20180518;101835;61.952500000;200000
USD000UTSTOM;0;20180518;101835;61.950000000;50000
USD000UTSTOM;0;20180518;101835;61.950000000;235000
USD000UTSTOM;0;20180518;101835;61.950000000;91000
USD000UTSTOM;0;20180518;101835;61.947500000;20000
USD000UTSTOM;0;20180518;101835;61.947500000;6000
USD000UTSTOM;0;20180518;101837;61.950000000;200000
USD000UTSTOM;0;20180518;101837;61.950000000;180000
USD000UTSTOM;0;20180518;101837;61.950000000;13000
USD000UTSTOM;0;20180518;101837;61.950000000;50000
USD000UTSTOM;0;20180518;101837;61.950000000;16000
USD000UTSTOM;0;20180518;101838;61.947500000;194000
USD000UTSTOM;0;20180518;101840;61.945000000;200000
USD000UTSTOM;0;20180518;101840;61.947500000;1000
USD000UTSTOM;0;20180518;101844;61.947500000;199000
USD000UTSTOM;0;20180518;101844;61.950000000;301000
USD000UTSTOM;0;20180518;101845;61.950000000;10000
USD000UTSTOM;0;20180518;101848;61.950000000;1000
USD000UTSTOM;0;20180518;101849;61.950000000;194000
USD000UTSTOM;0;20180518;101849;61.950000000;401000
USD000UTSTOM;0;20180518;101849;61.950000000;55000
USD000UTSTOM;0;20180518;101849;61.950000000;459000
USD000UTSTOM;0;20180518;101849;61.950000000;20000
USD000UTSTOM;0;20180518;101849;61.950000000;99000
USD000UTSTOM;0;20180518;101849;61.950000000;200000
USD000UTSTOM;0;20180518;101849;61.950000000;50000
USD000UTSTOM;0;20180518;101849;61.950000000;200000
USD000UTSTOM;0;20180518;101849;61.950000000;245000
USD000UTSTOM;0;20180518;101849;61.947500000;200000
USD000UTSTOM;0;20180518;101849;61.947500000;1000000
USD000UTSTOM;0;20180518;101849;61.947500000;50000
USD000UTSTOM;0;20180518;101849;61.945000000;200000
USD000UTSTOM;0;20180518;101854;61.942500000;20000
USD000UTSTOM;0;20180518;101855;61.947500000;200000
USD000UTSTOM;0;20180518;101856;61.942500000;80000
USD000UTSTOM;0;20180518;101856;61.940000000;50000
USD000UTSTOM;0;20180518;101856;61.937500000;50000
